2872 4846
220 301 264 381 48
715 299 872 368 PERSII

221 493 341 557 nempe
362 473 426 539 hoc
448 471 538 556 quod
559 471 682 538 Veneri
704 473 850 538 donatae
867 493 888 537 a
908 471 1034 558 virgine
1055 492 1174 557 pupae.
1343 495 1372 550 70

222 587 301 670 quin
324 586 442 651 damus
464 586 497 650 id
520 585 656 670 superis,
678 584 722 649 de
744 605 868 669 magna
889 584 980 668 quod
1003 585 1084 650 dare
1105 584 1201 650 lance

223 718 289 763 non
312 698 415 782 possit
438 698 549 781 magni
572 696 749 762 Messallae
771 695 864 781 lippa
885 717 1054 780 propago:

150 792 190 1095 Ι
223 812 434 894 conpositum
456 810 507 874 ius
529 810 644 892 sasque
665 811 778 874 animo
799 819 999 891 sanctosque
1022 829 1169 874 recessus

223 925 343 989 mentis
365 933 398 987 et
421 924 588 988 incoctum
610 942 770 1007 generoso
793 930 909 1006 pectus
931 921 1083 986 honesto.

145 1019 153 1125 i
222 1036 304 1102 haec
327 1036 409 1102 cedo
433 1045 470 1101 ut
488 1037 684 1100 admoveam
707 1033 839 1117 templis
863 1041 896 1098 et
919 1032 1005 1099 farre
1027 1031 1242 1122 litabos
1344 1057 1373 1112 7⁵

257 1241 307 1305 [70.
324 1257 341 1289 a
358 1256 409 1290 om.
425 1256 450 1290 a.
534 1248 574 1304 7²·
591 1238 706 1288 messalae
717 1238 749 1300 C,
765 1238 869 1288 messala
885 1255 909 1289 a.
993 1248 1033 1303 73.
1049 1238 1173 1289 ana'mima
1190 1239 1219 1300 B,
1236 1239 1336 1290 animas
1346 1239 1375 1298 C,

222 1319 309 1369 animi
316 1318 340 1369 ‘r'
338 1354 346 1378 ,
356 1319 428 1368 Laet.
437 1317 459 1368 1.
468 1318 614 1382 D.a.4.11.
664 1325 703 1380 74.
714 1315 843 1366 honestum
854 1333 878 1367 a.
929 1324 968 1381 75.
984 1317 1129 1367 aimmuam
1139 1317 1326 1375 B‚admavcant
1335 1315 1376 1381 C.]

223 1491 332 1557 thought
357 1492 414 1543 Seu.
436 1492 508 1544 Prov.
533 1504 556 1556 5.
580 1505 593 1540 a
618 1491 692 1540 ‘Nou
719 1499 776 1540 sunt
824 1490 864 1541 dis
891 1506 986 1556 pauper
1012 1490 1078 1541 libat
1100 1506 1184 1541 acerra
1207 1490 1277 1541 Tura
1298 1491 1378 1541 mium

224 1559 325 1608 divitiae
343 1559 449 1618 bonum;
467 1559 551 1623 itaque
568 1558 659 1607 habeat
676 1557 735 1606 illas
751 1564 776 1606 et
821 1557 1005 1622 grandiquam
1015 1555 1259 1606 datalancevaleut'
1292 1558 1377 1607 ‘Lara

225 1623 296 1674 Elius
312 1624 377 1685 leno,
394 1631 422 1673 ut
439 1624 551 1673 homines
567 1623 707 1688 pecuniam,
719 1638 776 1672 cum
825 1622 893 1671 cibus
904 1633 927 1672 et
939 1622 1029 1686 pandis
1040 1623 1160 1672 fumantia
1171 1622 1299 1673 reddimus
1306 1623 1379 1672 exta'

225 1691 251 1740 in
263 1689 364 1753 templis
379 1689 583 1751 consecraverint,
595 1688 694 1739 videant
709 1695 735 1737 et
750 1689 776 1736 in
826 1687 896 1750 Virg.
912 1688 944 1738 G.
964 1703 986 1737 a.
1006 1701 1061 1753 194,
1077 1688 1200 1753 probably
1216 1688 1258 1739 the
1274 1689 1336 1738 kind
1352 1688 1382 1738 oi

225 1755 335 1805 fornice!
371 1755 500 1804 Petronius
519 1755 551 1803 88
572 1754 642 1819 ‘ipse
668 1760 776 1812 senatus,
827 1753 931 1818 offering
946 1754 1052 1817 glsnced
1068 1760 1095 1803 at
1117 1754 1151 1817 by
1167 1754 1273 1805 Persius.
1307 1753 1377 1804 With

226 1821 286 1870 recti
306 1821 413 1885 bonique
431 1828 582 1884 praeceptor,
602 1819 673 1868 mille
691 1819 777 1885 pondo
827 1819 869 1868 the
881 1819 985 1869 ironicul
995 1817 1377 1884 repetition‘magna-magni'

224 1887 279 1935 auri
299 1885 428 1948 Capitolio
449 1886 593 1949 promittere
611 1884 683 1943 solet,
703 1892 727 1934 et
745 1899 777 1933 ne
828 1899 945 1960 compare
958 1885 1021 1934 Hor.
1039 1899 1050 1934 1
1070 1884 1096 1934 S.
1113 1883 1136 1933 6.
1155 1895 1185 1949 72
1199 1886 1311 1948 ‘Magna'
1322 1886 1379 1949 Quo

243 1953 281 2000 uis
308 1951 406 2000 dubitet
433 1951 564 2015 pecuniam
595 1951 777 2015 concupiscere,
846 1965 905 2011 nen,
934 1950 1034 2014 magnis
1061 1966 1076 2001 e
1103 1949 1287 2001 centurionibus
1314 1948 1379 2001 ort'u’

225 1967 311 2066 iovem
322 2031 421 2081 quoque
432 2015 531 2080 peculio
541 2014 673 2078 exornat.']
828 1965 1001 2079 f‘Porrectum
1020 2030 1248 2080 magnamnagnam
1267 2023 1378 2081 spectare

260 2092 300 2147 70.
318 2086 324 2106 ⁴
335 2081 453 2130 Solebant
460 2079 526 2130 enim
533 2081 642 2143 virgines
647 2087 779 2145 antequam
828 2081 911 2132 catino
924 2080 1037 2131 Vellem'
1050 2082 1114 2130 Hor.
1127 2096 1140 2130 a
1152 2081 1177 2130 S.
1192 2094 1214 2130 a.
1226 2081 1280 2145 39]

226 2149 344 2197 nuberent
352 2146 474 2212 quaedam
485 2147 632 2210 virginitatis
643 2161 701 2195 suae
713 2146 779 2195 dona
858 2155 896 2209 7²·
910 2149 1060 2196 Messallae
1067 2149 1147 2204 lippa
1152 2161 1287 2204 propono.
1304 2146 1378 2196 ‘Cot-

227 2213 317 2262 veneri
325 2227 481 2270 consecrare3
493 2211 542 2262 hoc
553 2219 578 2261 et
587 2212 667 2261 Varro
678 2208 777 2261 scribit‘
828 2218 881 2260 tam
893 2211 1056 2260 Messalinum
1067 2211 1136 2270 dicit,
1149 2212 1192 2275 qui
1208 2219 1261 2262 tam
1276 2211 1378 2262 vitiosos

226 2277 336 2328 Scholia.
370 2277 435 2342 Jahn
451 2292 580 2341 compares
596 2290 619 2339 5.
636 2290 664 2339 31
682 2276 779 2326 ‘bulla-
829 2277 1086 2328 oculosinsenectute
1097 2278 1192 2338 habuit,
1204 2284 1232 2328 ut
1242 2277 1379 2342 palpebrae

226 2360 275 2410 que
286 2343 414 2393 succinctis
423 2343 533 2392 Laribus
543 2343 635 2391 donam
644 2339 778 2407 pependit,'
828 2343 882 2392 eius
899 2342 923 2391 in
942 2342 1087 2392 exteriorem
1123 2350 1201 2392 artem
1220 2349 1378 2393 verterentur.

227 2409 313 2474 Konig
326 2409 390 2459 Hor.
405 2422 414 2457 1
427 2409 451 2459 S.
464 2422 486 2472 5.
499 2408 531 2458 66
545 2408 686 2457 ‘Donasset
697 2408 779 2457 iamne
829 2408 888 2457 Fuit
915 2408 981 2457 enim
1005 2415 1030 2458 et
1057 2359 1144 2457 muiirs
1172 2408 1272 2458 deditus
1295 2407 1378 2457 vitiis’

150 2515 153 2520 .
227 2483 339 2526 catenam
347 2472 581 2524 ExvotoLaribus.’
604 2473 778 2530 Sothesailor‚
828 2473 937 2523 Scholia.
970 2473 999 2522 L.
1012 2473 1128 2524 Aurelius
1140 2474 1217 2524 Cotta
1229 2473 1379 2524 Messalinus

227 2539 591 2603 Hor.10d.5.16,hansn
621 2538 663 2588 the
674 2538 777 2598 clothes,
828 2554 880 2588 was
892 2553 937 2588 son
954 2538 984 2588 oi
999 2539 1036 2588 M.
1053 2539 1168 2589 Valerius
1185 2539 1306 2589 Messalla
1317 2538 1378 2589 Cor·

137 2637 139 2641 <
228 2607 277 2656 and
290 2607 332 2655 the
341 2607 440 2668 lover‚3
453 2606 501 2655 Od.
511 2556 550 2655 ad.
561 2619 574 2665 3
584 2556 648 2664 sill,
656 2604 699 2653 the
708 2603 780 2668 harp.
825 2605 897 2653 vinus
909 2604 985 2664 (Hor.
999 2618 1010 2652 1
1024 2604 1049 2654 S.
1065 2618 1103 2655 ιο.
1115 2607 1157 2667 85,
1169 2606 1202 2654 Α.
1213 2605 1242 2656 P.
1250 2603 1380 2668 371),and

227 2679 282 2729 ete,
293 2672 352 2721 with
364 2670 446 2720 which
456 2671 488 2720 he
500 2671 545 2719 has
554 2685 611 2718 now
623 2669 696 2720 done.
828 2685 880 2718 was
890 2668 1000 2734 adopted
1016 2670 1050 2733 by
1064 2670 1103 2719 his
1118 2670 1240 2720 matemal
1254 2671 1335 2732 uncle,
1349 2669 1378 2719 1.

264 2747 301 2800 71.
321 2741 327 2765 ‘
338 2737 404 2800 Quin
415 2744 443 2786 tu
454 2733 560 2785 desinis'
572 2751 594 2796 4.
610 2749 648 2798 14.
829 2735 947 2784 Aurelius
957 2735 1041 2785 Cotta.
1076 2735 1118 2786 He
1129 2737 1151 2785 is
1162 2735 1303 2785 mentioned
1311 2750 1380 2786 more

294 2806 330 2850 ds
349 2817 458 2862 magna
476 2807 530 2851 eto.
564 2800 630 2865 Jahn
649 2815 779 2864 compares
828 2801 889 2849 than
908 2815 969 2850 once
987 2801 1021 2864 by
1038 2800 1148 2860 Tacitus,
1166 2802 1225 2850 who
1244 2801 1308 2852 calis
1326 2800 1379 2850 him

228 2867 275 2918 Ov.
291 2867 340 2932 Ep.
355 2881 379 2930 4.
397 2868 420 2916 8.
438 2880 470 2932 59
488 2866 558 2917 ‘Nec
574 2881 637 2932 quae
654 2866 685 2917 de
701 2881 779 2930 parva
830 2867 907 2930 (Anu.
919 2863 943 2916 6.
957 2865 983 2931 7)
1000 2866 1106 2916 ‘nobilis
1116 2866 1226 2932 quidem,
1244 2867 1289 2918 sed
1304 2882 1379 2933 egens
