<?xml version="1.0" encoding="UTF-8"?>
<!DOCTYPE html PUBLIC "-//W3C//DTD XHTML 1.0 Transitional//EN"
    "http://www.w3.org/TR/xhtml1/DTD/xhtml1-transitional.dtd">
<html xmlns="http://www.w3.org/1999/xhtml" xml:lang="en" lang="en">
 <head>
  <title>
</title>
<meta http-equiv="Content-Type" content="text/html;charset=utf-8" />
  <meta name='ocr-system' content='tesseract 3.04.00' />
  <meta name='ocr-capabilities' content='ocr_page ocr_carea ocr_par ocr_line ocrx_word'/>
</head>
<body>
  <div class='ocr_page' id='page_1' title='image "./satiresapersius00nettgoog_0073.png"; bbox 0 0 2872 4846; ppageno 0'>
   <div class='ocr_carea' id='block_1_1' title="bbox 160 280 814 351">
    <p class='ocr_par' dir='ltr' id='par_1_1' title="bbox 160 280 814 351">
     <span class='ocr_line' id='line_1_1' title="bbox 160 280 814 351; baseline -0.003 -1"><span class='ocrx_word' id='word_1_1' title='bbox 160 283 201 351; x_wconf 82' lang='lat'>26</span> <span class='ocrx_word' id='word_1_2' title='bbox 655 280 814 350; x_wconf 85' lang='lat' dir='ltr'>PERSH</span> 
     </span>
    </p>
   </div>
   <div class='ocr_carea' id='block_1_2' title="bbox 159 461 1312 998">
    <p class='ocr_par' dir='ltr' id='par_1_2' title="bbox 159 461 1312 998">
     <span class='ocr_line' id='line_1_2' title="bbox 159 461 1312 542; baseline -0.003 -13"><span class='ocrx_word' id='word_1_3' title='bbox 159 464 221 529; x_wconf 89' lang='lat' dir='ltr'>hoc</span> <span class='ocrx_word' id='word_1_4' title='bbox 244 472 337 537; x_wconf 83' lang='lat' dir='ltr'>natat</span> <span class='ocrx_word' id='word_1_5' title='bbox 360 462 393 528; x_wconf 94' lang='lat' dir='ltr'>in</span> <span class='ocrx_word' id='word_1_6' title='bbox 415 461 525 541; x_wconf 89' lang='lat' dir='ltr'>labris,</span> <span class='ocrx_word' id='word_1_7' title='bbox 547 472 581 528; x_wconf 93' lang='lat' dir='ltr'>et</span> <span class='ocrx_word' id='word_1_8' title='bbox 605 463 637 527; x_wconf 92' lang='lat' dir='ltr'>in</span> <span class='ocrx_word' id='word_1_9' title='bbox 658 464 725 529; x_wconf 91' lang='lat' dir='ltr'>udo</span> <span class='ocrx_word' id='word_1_10' title='bbox 747 471 808 542; x_wconf 92' lang='lat' dir='ltr'>est,</span> <span class='ocrx_word' id='word_1_11' title='bbox 831 462 971 526; x_wconf 85' lang='lat' dir='ltr'>Maenas</span> <span class='ocrx_word' id='word_1_12' title='bbox 993 473 1027 527; x_wconf 90' lang='lat' dir='ltr'>et</span> <span class='ocrx_word' id='word_1_13' title='bbox 1050 461 1152 542; x_wconf 88' lang='lat' dir='ltr'>Attis,</span> <span class='ocrx_word' id='word_1_14' title='bbox 1268 489 1312 540; x_wconf 84' lang='lat'>105</span> 
     </span>
     <span class='ocr_line' id='line_1_3' title="bbox 160 575 1080 661; baseline -0.002 -20"><span class='ocrx_word' id='word_1_15' title='bbox 160 598 219 641; x_wconf 90' lang='lat' dir='ltr'>nec</span> <span class='ocrx_word' id='word_1_16' title='bbox 243 576 392 661; x_wconf 91' lang='lat' dir='ltr'>pluteum</span> <span class='ocrx_word' id='word_1_17' title='bbox 415 577 533 656; x_wconf 91' lang='lat' dir='ltr'>caedit,</span> <span class='ocrx_word' id='word_1_18' title='bbox 556 594 616 640; x_wconf 92' lang='lat' dir='ltr'>nec</span> <span class='ocrx_word' id='word_1_19' title='bbox 638 577 810 640; x_wconf 88' lang='lat' dir='ltr'>demorsos</span> <span class='ocrx_word' id='word_1_20' title='bbox 832 576 920 658; x_wconf 89' lang='lat' dir='ltr'>sapit</span> <span class='ocrx_word' id='word_1_21' title='bbox 943 575 1080 659; x_wconf 74' lang='lat' dir='ltr'>unguis.¹</span> 
     </span>
     <span class='ocr_line' id='line_1_4' title="bbox 205 687 1041 772; baseline -0.004 -18"><span class='ocrx_word' id='word_1_22' title='bbox 205 689 272 754; x_wconf 90' lang='lat' dir='ltr'>Sed</span> <span class='ocrx_word' id='word_1_23' title='bbox 296 690 374 772; x_wconf 92' lang='lat' dir='ltr'>quid</span> <span class='ocrx_word' id='word_1_24' title='bbox 398 709 482 772; x_wconf 94' lang='lat' dir='ltr'>opus</span> <span class='ocrx_word' id='word_1_25' title='bbox 503 699 634 753; x_wconf 88' lang='lat' dir='ltr'>teneras</span> <span class='ocrx_word' id='word_1_26' title='bbox 658 687 803 751; x_wconf 92' lang='lat' dir='ltr'>mordaci</span> <span class='ocrx_word' id='word_1_27' title='bbox 827 687 940 751; x_wconf 90' lang='lat' dir='ltr'>radere</span> <span class='ocrx_word' id='word_1_28' title='bbox 961 709 1041 751; x_wconf 89' lang='lat' dir='ltr'>vero</span> 
     </span>
     <span class='ocr_line' id='line_1_5' title="bbox 159 799 961 877; baseline -0.002 -11"><span class='ocrx_word' id='word_1_29' title='bbox 159 803 344 866; x_wconf 82' lang='lat' dir='ltr'>auriculas?</span> <span class='ocrx_word' id='word_1_30' title='bbox 365 801 441 866; x_wconf 87' lang='lat' dir='ltr'>vide</span> <span class='ocrx_word' id='word_1_31' title='bbox 463 801 516 877; x_wconf 89' lang='lat' dir='ltr'>sis,</span> <span class='ocrx_word' id='word_1_32' title='bbox 541 823 583 864; x_wconf 91' lang='lat' dir='ltr'>ne</span> <span class='ocrx_word' id='word_1_33' title='bbox 606 801 769 864; x_wconf 89' lang='lat' dir='ltr'>maiorum</span> <span class='ocrx_word' id='word_1_34' title='bbox 791 800 852 864; x_wconf 91' lang='lat' dir='ltr'>tibi</span> <span class='ocrx_word' id='word_1_35' title='bbox 876 799 961 864; x_wconf 84' lang='lat' dir='ltr'>forte</span> 
     </span>
     <span class='ocr_line' id='line_1_6' title="bbox 159 904 992 998; baseline -0.004 -20"><span class='ocrx_word' id='word_1_36' title='bbox 159 912 273 978; x_wconf 91' lang='lat' dir='ltr'>limina</span> <span class='ocrx_word' id='word_1_37' title='bbox 296 912 489 998; x_wconf 84' lang='lat' dir='ltr'>frigescant:</span> <span class='ocrx_word' id='word_1_38' title='bbox 513 923 610 978; x_wconf 89' lang='lat' dir='ltr'>sonat</span> <span class='ocrx_word' id='word_1_39' title='bbox 633 912 686 975; x_wconf 90' lang='lat' dir='ltr'>hic</span> <span class='ocrx_word' id='word_1_40' title='bbox 709 913 751 976; x_wconf 92' lang='lat' dir='ltr'>de</span> <span class='ocrx_word' id='word_1_41' title='bbox 773 933 852 976; x_wconf 90' lang='lat' dir='ltr'>nare</span> <span class='ocrx_word' id='word_1_42' title='bbox 875 904 992 976; x_wconf 74' lang='lat' dir='ltr'>&#39;canina</span> 
     </span>
    </p>
   </div>
   <div class='ocr_carea' id='block_1_3' title="bbox 160 1026 278 1090">
    <p class='ocr_par' dir='ltr' id='par_1_3' title="bbox 160 1026 278 1090">
     <span class='ocr_line' id='line_1_7' title="bbox 160 1026 278 1090; baseline -0.008 -2"><span class='ocrx_word' id='word_1_43' title='bbox 160 1026 278 1090; x_wconf 90' lang='lat' dir='ltr'>littera.</span> 
     </span>
    </p>
   </div>
   <div class='ocr_carea' id='block_1_4' title="bbox 291 1136 1146 1221">
    <p class='ocr_par' dir='ltr' id='par_1_4' title="bbox 291 1136 1146 1221">
     <span class='ocr_line' id='line_1_8' title="bbox 291 1136 1146 1221; baseline 0 -21"><span class='ocrx_word' id='word_1_44' title='bbox 291 1138 374 1201; x_wconf 88' lang='lat' dir='ltr'>‘Per</span> <span class='ocrx_word' id='word_1_45' title='bbox 398 1157 450 1200; x_wconf 89' lang='lat' dir='ltr'>me</span> <span class='ocrx_word' id='word_1_46' title='bbox 473 1136 627 1221; x_wconf 90' lang='lat' dir='ltr'>equidem</span> <span class='ocrx_word' id='word_1_47' title='bbox 651 1137 717 1202; x_wconf 91' lang='lat' dir='ltr'>sint</span> <span class='ocrx_word' id='word_1_48' title='bbox 740 1136 851 1200; x_wconf 92' lang='lat' dir='ltr'>omnia</span> <span class='ocrx_word' id='word_1_49' title='bbox 874 1136 1025 1220; x_wconf 90' lang='lat' dir='ltr'>protinus</span> <span class='ocrx_word' id='word_1_50' title='bbox 1048 1136 1146 1213; x_wconf 83' lang='lat' dir='ltr'>alba3</span> 
     </span>
    </p>
   </div>
   <div class='ocr_carea' id='block_1_5' title="bbox 1267 1163 1313 1199">
    <p class='ocr_par' dir='ltr' id='par_1_5' title="bbox 1267 1163 1313 1199">
     <span class='ocr_line' id='line_1_9' title="bbox 1267 1163 1313 1199; baseline -0.043 0"><span class='ocrx_word' id='word_1_51' title='bbox 1267 1163 1313 1199; x_wconf 89' lang='lat'>110</span> 
     </span>
    </p>
   </div>
   <div class='ocr_carea' id='block_1_6' title="bbox 160 1248 1237 1666">
    <p class='ocr_par' dir='ltr' id='par_1_6' title="bbox 160 1248 1237 1557">
     <span class='ocr_line' id='line_1_10' title="bbox 162 1248 1205 1334; baseline 0 -22"><span class='ocrx_word' id='word_1_52' title='bbox 162 1250 207 1313; x_wconf 94' lang='lat' dir='ltr'>nil</span> <span class='ocrx_word' id='word_1_53' title='bbox 231 1270 350 1313; x_wconf 91' lang='lat' dir='ltr'>moror.</span> <span class='ocrx_word' id='word_1_54' title='bbox 384 1248 488 1334; x_wconf 89' lang='lat' dir='ltr'>euge!</span> <span class='ocrx_word' id='word_1_55' title='bbox 512 1269 638 1326; x_wconf 93' lang='lat' dir='ltr'>omnes,</span> <span class='ocrx_word' id='word_1_56' title='bbox 660 1269 776 1312; x_wconf 91' lang='lat' dir='ltr'>omnes</span> <span class='ocrx_word' id='word_1_57' title='bbox 799 1248 884 1312; x_wconf 91' lang='lat' dir='ltr'>bene</span> <span class='ocrx_word' id='word_1_58' title='bbox 907 1249 1009 1313; x_wconf 89' lang='lat' dir='ltr'>mirae</span> <span class='ocrx_word' id='word_1_59' title='bbox 1032 1249 1120 1313; x_wconf 92' lang='lat' dir='ltr'>eritis</span> <span class='ocrx_word' id='word_1_60' title='bbox 1143 1269 1205 1313; x_wconf 92' lang='lat' dir='ltr'>res.</span> 
     </span>
     <span class='ocr_line' id='line_1_11' title="bbox 160 1357 1237 1444; baseline -0.002 -18"><span class='ocrx_word' id='word_1_61' title='bbox 160 1362 224 1426; x_wconf 92' lang='lat' dir='ltr'>hoc</span> <span class='ocrx_word' id='word_1_62' title='bbox 248 1363 363 1425; x_wconf 84' lang='lat' dir='ltr'>iuvat?</span> <span class='ocrx_word' id='word_1_63' title='bbox 387 1362 496 1426; x_wconf 86' lang='lat' dir='ltr'>“hic&#39;’</span> <span class='ocrx_word' id='word_1_64' title='bbox 520 1362 627 1444; x_wconf 86' lang='lat' dir='ltr'>inquis</span> <span class='ocrx_word' id='word_1_65' title='bbox 649 1367 755 1424; x_wconf 88' lang='lat' dir='ltr'>“veto</span> <span class='ocrx_word' id='word_1_66' title='bbox 773 1361 947 1444; x_wconf 90' lang='lat' dir='ltr'>quisquam</span> <span class='ocrx_word' id='word_1_67' title='bbox 971 1361 1057 1425; x_wconf 82' lang='lat' dir='ltr'>faxit</span> <span class='ocrx_word' id='word_1_68' title='bbox 1079 1357 1237 1426; x_wconf 88' lang='lat' dir='ltr'>oletum.&#39;’</span> 
     </span>
     <span class='ocr_line' id='line_1_12' title="bbox 162 1472 1085 1557; baseline -0.001 -20"><span class='ocrx_word' id='word_1_69' title='bbox 162 1475 260 1557; x_wconf 85' lang='lat' dir='ltr'>pinge</span> <span class='ocrx_word' id='word_1_70' title='bbox 282 1474 367 1538; x_wconf 91' lang='lat' dir='ltr'>duos</span> <span class='ocrx_word' id='word_1_71' title='bbox 389 1474 528 1556; x_wconf 84' lang='lat' dir='ltr'>anguis:</span> <span class='ocrx_word' id='word_1_72' title='bbox 551 1472 653 1557; x_wconf 91' lang='lat' dir='ltr'>pueri,</span> <span class='ocrx_word' id='word_1_73' title='bbox 675 1493 768 1537; x_wconf 89' lang='lat' dir='ltr'>sacer</span> <span class='ocrx_word' id='word_1_74' title='bbox 791 1482 840 1537; x_wconf 92' lang='lat' dir='ltr'>est</span> <span class='ocrx_word' id='word_1_75' title='bbox 864 1473 965 1552; x_wconf 94' lang='lat' dir='ltr'>locus,</span> <span class='ocrx_word' id='word_1_76' title='bbox 988 1483 1085 1538; x_wconf 88' lang='lat' dir='ltr'>extra</span> 
     </span>
    </p>

    <p class='ocr_par' dir='ltr' id='par_1_7' title="bbox 163 1584 899 1666">
     <span class='ocr_line' id='line_1_13' title="bbox 163 1584 899 1666; baseline -0.003 -16"><span class='ocrx_word' id='word_1_77' title='bbox 163 1588 279 1651; x_wconf 90' lang='lat' dir='ltr'>meitel</span> <span class='ocrx_word' id='word_1_78' title='bbox 303 1587 448 1651; x_wconf 87' lang='lat' dir='ltr'>discedo.</span> <span class='ocrx_word' id='word_1_79' title='bbox 479 1587 582 1651; x_wconf 90' lang='lat' dir='ltr'>secuit</span> <span class='ocrx_word' id='word_1_80' title='bbox 607 1584 754 1649; x_wconf 86' lang='lat' dir='ltr'>Lucilius</span> <span class='ocrx_word' id='word_1_81' title='bbox 775 1586 899 1666; x_wconf 90' lang='lat' dir='ltr'>urbem,</span> 
     </span>
    </p>
   </div>
   <div class='ocr_carea' id='block_1_7' title="bbox 161 1697 1166 1782">
    <p class='ocr_par' dir='ltr' id='par_1_8' title="bbox 161 1697 1166 1782">
     <span class='ocr_line' id='line_1_14' title="bbox 161 1697 1166 1782; baseline 0 -18"><span class='ocrx_word' id='word_1_82' title='bbox 161 1710 196 1764; x_wconf 89' lang='lat' dir='ltr'>te</span> <span class='ocrx_word' id='word_1_83' title='bbox 220 1701 324 1782; x_wconf 89' lang='lat' dir='ltr'>Lupe,</span> <span class='ocrx_word' id='word_1_84' title='bbox 346 1710 381 1764; x_wconf 95' lang='lat' dir='ltr'>te</span> <span class='ocrx_word' id='word_1_85' title='bbox 404 1699 506 1777; x_wconf 91' lang='lat' dir='ltr'>Muci,</span> <span class='ocrx_word' id='word_1_86' title='bbox 529 1709 562 1762; x_wconf 92' lang='lat' dir='ltr'>et</span> <span class='ocrx_word' id='word_1_87' title='bbox 584 1699 764 1782; x_wconf 90' lang='lat' dir='ltr'>genuinum</span> <span class='ocrx_word' id='word_1_88' title='bbox 789 1697 886 1780; x_wconf 81' lang='lat' dir='ltr'>fregit</span> <span class='ocrx_word' id='word_1_89' title='bbox 909 1697 942 1761; x_wconf 95' lang='lat' dir='ltr'>in</span> <span class='ocrx_word' id='word_1_90' title='bbox 965 1697 1038 1761; x_wconf 90' lang='lat' dir='ltr'>illis.</span> <span class='ocrx_word' id='word_1_91' title='bbox 1118 1769 1122 1775; x_wconf 61' lang='grc'>,</span> <span class='ocrx_word' id='word_1_92' title='bbox 1162 1757 1166 1764; x_wconf 81' lang='grc'>,</span> 
     </span>
    </p>
   </div>
   <div class='ocr_carea' id='block_1_8' title="bbox 683 1840 690 1871">
    <p class='ocr_par' dir='ltr' id='par_1_9' title="bbox 683 1840 690 1871">
     <span class='ocr_line' id='line_1_15' title="bbox 683 1840 690 1871; baseline 0 0"><span class='ocrx_word' id='word_1_93' title='bbox 683 1840 690 1871; x_wconf 83' lang='lat' dir='ltr'>l</span> 
     </span>
    </p>
   </div>
   <div class='ocr_carea' id='block_1_9' title="bbox 197 1876 675 1942">
    <p class='ocr_par' dir='ltr' id='par_1_10' title="bbox 197 1876 675 1942">
     <span class='ocr_line' id='line_1_16' title="bbox 197 1876 675 1942; baseline 0.004 -16"><span class='ocrx_word' id='word_1_94' title='bbox 197 1878 265 1942; x_wconf 89' lang='lat'>[105.</span> <span class='ocrx_word' id='word_1_95' title='bbox 282 1877 378 1928; x_wconf 85' lang='lat' dir='ltr'>aitiso.</span> <span class='ocrx_word' id='word_1_96' title='bbox 491 1888 546 1942; x_wconf 82' lang='lat'>¹07·</span> <span class='ocrx_word' id='word_1_97' title='bbox 562 1876 633 1927; x_wconf 83' lang='lat' dir='ltr'>verbo</span> <span class='ocrx_word' id='word_1_98' title='bbox 644 1877 675 1928; x_wconf 86' lang='lat' dir='ltr'>C.</span> 
     </span>
    </p>
   </div>
   <div class='ocr_carea' id='block_1_10' title="bbox 1268 1723 1314 1774">
    <p class='ocr_par' dir='ltr' id='par_1_11' title="bbox 1268 1723 1314 1774">
     <span class='ocr_line' id='line_1_17' title="bbox 1268 1723 1314 1774; baseline -0.022 -15"><span class='ocrx_word' id='word_1_99' title='bbox 1268 1723 1314 1774; x_wconf 89' lang='lat'>1¹5</span> 
     </span>
    </p>
   </div>
   <div class='ocr_carea' id='block_1_11' title="bbox 770 1877 1315 1942">
    <p class='ocr_par' dir='ltr' id='par_1_12' title="bbox 770 1877 1315 1942">
     <span class='ocr_line' id='line_1_18' title="bbox 770 1877 1315 1942; baseline 0.002 -18"><span class='ocrx_word' id='word_1_100' title='bbox 770 1877 825 1926; x_wconf 90' lang='lat'>108.</span> <span class='ocrx_word' id='word_1_101' title='bbox 842 1877 876 1925; x_wconf 79' lang='lat' dir='ltr'>sis</span> <span class='ocrx_word' id='word_1_102' title='bbox 888 1893 939 1928; x_wconf 90' lang='lat' dir='ltr'>om.</span> <span class='ocrx_word' id='word_1_103' title='bbox 950 1895 975 1927; x_wconf 82' lang='lat' dir='ltr'>a.</span> <span class='ocrx_word' id='word_1_104' title='bbox 1088 1891 1144 1942; x_wconf 87' lang='lat'>109.</span> <span class='ocrx_word' id='word_1_105' title='bbox 1161 1891 1282 1926; x_wconf 76' lang='lat' dir='ltr'>camaena</span> <span class='ocrx_word' id='word_1_106' title='bbox 1292 1893 1315 1925; x_wconf 82' lang='lat' dir='ltr'>a.</span> 
     </span>
    </p>
   </div>
   <div class='ocr_carea' id='block_1_12' title="bbox 162 1952 1315 2101">
    <p class='ocr_par' dir='ltr' id='par_1_13' title="bbox 162 1952 1315 2101">
     <span class='ocr_line' id='line_1_19' title="bbox 166 1952 1315 2021; baseline -0.002 -15"><span class='ocrx_word' id='word_1_107' title='bbox 166 1971 220 2007; x_wconf 90' lang='lat'>110.</span> <span class='ocrx_word' id='word_1_108' title='bbox 237 1957 331 2006; x_wconf 73' lang='lat' dir='ltr'>albae.</span> <span class='ocrx_word' id='word_1_109' title='bbox 386 1970 440 2006; x_wconf 88' lang='lat'>111.</span> <span class='ocrx_word' id='word_1_110' title='bbox 458 1972 557 2005; x_wconf 84' lang='lat' dir='ltr'>murore</span> <span class='ocrx_word' id='word_1_111' title='bbox 569 1973 591 2006; x_wconf 85' lang='lat' dir='ltr'>o.</span> <span class='ocrx_word' id='word_1_112' title='bbox 625 1971 684 2020; x_wconf 81' lang='lat' dir='ltr'>euge</span> <span class='ocrx_word' id='word_1_113' title='bbox 694 1970 777 2004; x_wconf 83' lang='lat' dir='ltr'>omnes</span> <span class='ocrx_word' id='word_1_114' title='bbox 788 1955 913 2006; x_wconf 79' lang='lat' dir='ltr'>beneaC.</span> <span class='ocrx_word' id='word_1_115' title='bbox 968 1968 1023 2018; x_wconf 84' lang='lat'>113.</span> <span class='ocrx_word' id='word_1_116' title='bbox 1034 1952 1315 2021; x_wconf 63' lang='lat' dir='ltr'>pitig&#39;iudosangwko.</span> 
     </span>
     <span class='ocr_line' id='line_1_20' title="bbox 162 2027 1020 2101; baseline -0.003 -16"><span class='ocrx_word' id='word_1_117' title='bbox 162 2035 231 2085; x_wconf 78' lang='lat' dir='ltr'>exita</span> <span class='ocrx_word' id='word_1_118' title='bbox 242 2027 266 2085; x_wconf 76' lang='lat' dir='ltr'>a.</span> <span class='ocrx_word' id='word_1_119' title='bbox 335 2048 390 2098; x_wconf 83' lang='lat'>114.</span> <span class='ocrx_word' id='word_1_120' title='bbox 407 2034 458 2083; x_wconf 82' lang='lat' dir='ltr'>mei</span> <span class='ocrx_word' id='word_1_121' title='bbox 467 2034 530 2084; x_wconf 83' lang='lat' dir='ltr'>cedis</span> <span class='ocrx_word' id='word_1_122' title='bbox 543 2034 670 2100; x_wconf 64' lang='lat' dir='ltr'>(rrrercedrir</span> <span class='ocrx_word' id='word_1_123' title='bbox 682 2033 712 2098; x_wconf 86' lang='lat' dir='ltr'>B)</span> <span class='ocrx_word' id='word_1_124' title='bbox 725 2034 789 2083; x_wconf 82' lang='lat' dir='ltr'>sevit</span> <span class='ocrx_word' id='word_1_125' title='bbox 799 2033 853 2083; x_wconf 81' lang='lat' dir='ltr'>cedo</span> <span class='ocrx_word' id='word_1_126' title='bbox 864 2033 968 2084; x_wconf 77' lang='lat' dir='ltr'>lucilius</span> <span class='ocrx_word' id='word_1_127' title='bbox 978 2033 1020 2101; x_wconf 85' lang='grc' dir='ltr'><strong>α,]“</strong></span> 
     </span>
    </p>
   </div>
   <div class='ocr_carea' id='block_1_13' title="bbox 163 2193 716 2978">
    <p class='ocr_par' dir='ltr' id='par_1_14' title="bbox 163 2193 715 2589">
     <span class='ocr_line' id='line_1_21' title="bbox 163 2193 711 2261; baseline 0 -16"><span class='ocrx_word' id='word_1_128' title='bbox 163 2193 280 2261; x_wconf 66' lang='lat' dir='ltr'>linguas?</span> <span class='ocrx_word' id='word_1_129' title='bbox 309 2195 469 2260; x_wconf 86' lang='lat' dir='ltr'>[Cornificius</span> <span class='ocrx_word' id='word_1_130' title='bbox 480 2196 512 2245; x_wconf 90' lang='lat' dir='ltr'>ad</span> <span class='ocrx_word' id='word_1_131' title='bbox 525 2196 678 2245; x_wconf 87' lang='lat' dir='ltr'>Herennium</span> <span class='ocrx_word' id='word_1_132' title='bbox 688 2213 711 2260; x_wconf 88' lang='lat'>4.</span> 
     </span>
     <span class='ocr_line' id='line_1_22' title="bbox 167 2262 713 2326; baseline 0.002 -16"><span class='ocrx_word' id='word_1_133' title='bbox 167 2277 193 2310; x_wconf 90' lang='lat'>11</span> <span class='ocrx_word' id='word_1_134' title='bbox 214 2265 221 2289; x_wconf 87' lang='lat'>‘</span> <span class='ocrx_word' id='word_1_135' title='bbox 229 2262 282 2311; x_wconf 87' lang='lat' dir='ltr'>eius</span> <span class='ocrx_word' id='word_1_136' title='bbox 293 2263 389 2326; x_wconf 87' lang='lat' dir='ltr'>generis</span> <span class='ocrx_word' id='word_1_137' title='bbox 402 2262 469 2326; x_wconf 92' lang='lat' dir='ltr'>quod</span> <span class='ocrx_word' id='word_1_138' title='bbox 481 2262 636 2326; x_wconf 84' lang='lat' dir='ltr'>appellamus</span> <span class='ocrx_word' id='word_1_139' title='bbox 644 2262 713 2326; x_wconf 87' lang='lat' dir='ltr'>fluc-</span> 
     </span>
     <span class='ocr_line' id='line_1_23' title="bbox 163 2327 713 2392; baseline -0.002 -15"><span class='ocrx_word' id='word_1_140' title='bbox 163 2337 240 2377; x_wconf 82' lang='lat' dir='ltr'>tuans</span> <span class='ocrx_word' id='word_1_141' title='bbox 251 2334 274 2376; x_wconf 81' lang='lat' dir='ltr'>ct</span> <span class='ocrx_word' id='word_1_142' title='bbox 282 2327 438 2386; x_wconf 80' lang='lat' dir='ltr'>dissolutum,</span> <span class='ocrx_word' id='word_1_143' title='bbox 450 2342 480 2376; x_wconf 90' lang='lat' dir='ltr'>eo</span> <span class='ocrx_word' id='word_1_144' title='bbox 492 2328 559 2392; x_wconf 91' lang='lat' dir='ltr'>quod</span> <span class='ocrx_word' id='word_1_145' title='bbox 570 2328 623 2377; x_wconf 90' lang='lat' dir='ltr'>sine</span> <span class='ocrx_word' id='word_1_146' title='bbox 634 2329 713 2376; x_wconf 89' lang='lat' dir='ltr'>nervis</span> 
     </span>
     <span class='ocr_line' id='line_1_24' title="bbox 163 2393 714 2452; baseline -0.002 -9"><span class='ocrx_word' id='word_1_147' title='bbox 163 2402 188 2443; x_wconf 90' lang='lat' dir='ltr'>et</span> <span class='ocrx_word' id='word_1_148' title='bbox 211 2393 321 2443; x_wconf 80' lang='lat' dir='ltr'>articulis</span> <span class='ocrx_word' id='word_1_149' title='bbox 344 2393 446 2442; x_wconf 86' lang='lat' dir='ltr'>fluctuat</span> <span class='ocrx_word' id='word_1_150' title='bbox 468 2393 516 2442; x_wconf 87' lang='lat' dir='ltr'>huc</span> <span class='ocrx_word' id='word_1_151' title='bbox 533 2401 557 2442; x_wconf 89' lang='lat' dir='ltr'>et</span> <span class='ocrx_word' id='word_1_152' title='bbox 578 2393 648 2452; x_wconf 86' lang='lat' dir='ltr'>illuc,</span> <span class='ocrx_word' id='word_1_153' title='bbox 668 2409 714 2442; x_wconf 88' lang='lat' dir='ltr'>nec</span> 
     </span>
     <span class='ocr_line' id='line_1_25' title="bbox 163 2459 715 2525; baseline 0 -17"><span class='ocrx_word' id='word_1_154' title='bbox 163 2466 245 2525; x_wconf 89' lang='lat' dir='ltr'>potest</span> <span class='ocrx_word' id='word_1_155' title='bbox 268 2459 412 2508; x_wconf 88' lang='lat' dir='ltr'>confinnate</span> <span class='ocrx_word' id='word_1_156' title='bbox 431 2474 510 2523; x_wconf 86' lang='lat' dir='ltr'>neque</span> <span class='ocrx_word' id='word_1_157' title='bbox 537 2459 640 2508; x_wconf 87' lang='lat' dir='ltr'>viriliter</span> <span class='ocrx_word' id='word_1_158' title='bbox 662 2475 715 2508; x_wconf 87' lang='lat' dir='ltr'>sese</span> 
     </span>
     <span class='ocr_line' id='line_1_26' title="bbox 164 2525 310 2589; baseline -0.007 -14"><span class='ocrx_word' id='word_1_159' title='bbox 164 2525 310 2589; x_wconf 82' lang='lat' dir='ltr'>expedire&#39;]</span> 
     </span>
    </p>

    <p class='ocr_par' dir='ltr' id='par_1_15' title="bbox 164 2589 715 2915">
     <span class='ocr_line' id='line_1_27' title="bbox 200 2589 713 2652; baseline 0 -14"><span class='ocrx_word' id='word_1_160' title='bbox 200 2604 254 2652; x_wconf 90' lang='lat'>104.</span> <span class='ocrx_word' id='word_1_161' title='bbox 272 2593 507 2648; x_wconf 83' lang='lat' dir='ltr'>delumbis,arare</span> <span class='ocrx_word' id='word_1_162' title='bbox 516 2589 591 2638; x_wconf 89' lang='lat' dir='ltr'>word.</span> <span class='ocrx_word' id='word_1_163' title='bbox 610 2589 713 2649; x_wconf 85' lang='lat' dir='ltr'>Cic.Or.</span> 
     </span>
     <span class='ocr_line' id='line_1_28' title="bbox 164 2652 715 2720; baseline -0.005 -14"><span class='ocrx_word' id='word_1_164' title='bbox 164 2655 196 2720; x_wconf 89' lang='lat'>69</span> <span class='ocrx_word' id='word_1_165' title='bbox 208 2656 253 2704; x_wconf 90' lang='lat' dir='ltr'>has</span> <span class='ocrx_word' id='word_1_166' title='bbox 261 2658 267 2682; x_wconf 92' lang='lat'>‘</span> <span class='ocrx_word' id='word_1_167' title='bbox 275 2656 389 2705; x_wconf 84' lang='lat' dir='ltr'>concidat</span> <span class='ocrx_word' id='word_1_168' title='bbox 395 2655 562 2719; x_wconf 78' lang='lat' dir='ltr'>delumbetque</span> <span class='ocrx_word' id='word_1_169' title='bbox 568 2652 715 2704; x_wconf 60' lang='lat' dir='ltr'>sententias!</span> 
     </span>
     <span class='ocr_line' id='line_1_29' title="bbox 164 2721 715 2771; baseline -0.002 -1"><span class='ocrx_word' id='word_1_170' title='bbox 164 2722 225 2770; x_wconf 87' lang='lat' dir='ltr'>Tae.</span> <span class='ocrx_word' id='word_1_171' title='bbox 239 2723 281 2771; x_wconf 93' lang='lat' dir='ltr'>Or.</span> <span class='ocrx_word' id='word_1_172' title='bbox 296 2723 325 2770; x_wconf 89' lang='lat'>18</span> <span class='ocrx_word' id='word_1_173' title='bbox 338 2722 497 2770; x_wconf 90' lang='lat' dir='ltr'>‘Ciceronem</span> <span class='ocrx_word' id='word_1_174' title='bbox 513 2721 580 2770; x_wconf 89' lang='lat' dir='ltr'>male</span> <span class='ocrx_word' id='word_1_175' title='bbox 591 2721 688 2768; x_wconf 83' lang='lat' dir='ltr'>audisse</span> <span class='ocrx_word' id='word_1_176' title='bbox 700 2736 715 2769; x_wconf 86' lang='lat' dir='ltr'>a</span> 
     </span>
     <span class='ocr_line' id='line_1_30' title="bbox 165 2786 715 2851; baseline -0.002 -16"><span class='ocrx_word' id='word_1_177' title='bbox 165 2788 251 2843; x_wconf 85' lang='lat' dir='ltr'>Bruto,</span> <span class='ocrx_word' id='word_1_178' title='bbox 274 2794 301 2835; x_wconf 87' lang='lat' dir='ltr'>ut</span> <span class='ocrx_word' id='word_1_179' title='bbox 321 2786 398 2851; x_wconf 91' lang='lat' dir='ltr'>ipsius</span> <span class='ocrx_word' id='word_1_180' title='bbox 415 2787 496 2834; x_wconf 87' lang='lat' dir='ltr'>verbis</span> <span class='ocrx_word' id='word_1_181' title='bbox 516 2793 577 2847; x_wconf 89' lang='lat' dir='ltr'>utar,</span> <span class='ocrx_word' id='word_1_182' title='bbox 597 2793 715 2850; x_wconf 82' lang='lat' dir='ltr'>tanquam</span> 
     </span>
     <span class='ocr_line' id='line_1_31' title="bbox 165 2851 509 2915; baseline -0.003 -15"><span class='ocrx_word' id='word_1_183' title='bbox 165 2852 271 2902; x_wconf 77' lang='lat' dir='ltr'>fractum</span> <span class='ocrx_word' id='word_1_184' title='bbox 284 2859 357 2915; x_wconf 87' lang='lat' dir='ltr'>atque</span> <span class='ocrx_word' id='word_1_185' title='bbox 368 2851 509 2901; x_wconf 84' lang='lat' dir='ltr'>elumbem&#39;</span> 
     </span>
    </p>

    <p class='ocr_par' dir='ltr' id='par_1_16' title="bbox 230 2916 716 2978">
     <span class='ocr_line' id='line_1_32' title="bbox 230 2916 716 2978; baseline 0 -13"><span class='ocrx_word' id='word_1_186' title='bbox 230 2920 362 2966; x_wconf 81' lang='lat' dir='ltr'>delumbe</span> <span class='ocrx_word' id='word_1_187' title='bbox 378 2952 385 2965; x_wconf 89' lang='lat'><strong>.</strong></span> <span class='ocrx_word' id='word_1_188' title='bbox 405 2954 412 2967; x_wconf 91' lang='lat'><strong>.</strong></span> <span class='ocrx_word' id='word_1_189' title='bbox 433 2952 439 2965; x_wconf 92' lang='lat'><em>.</em></span> <span class='ocrx_word' id='word_1_190' title='bbox 463 2921 526 2978; x_wconf 86' lang='lat' dir='ltr'>hoe,</span> <span class='ocrx_word' id='word_1_191' title='bbox 538 2917 591 2967; x_wconf 91' lang='lat' dir='ltr'>like</span> <span class='ocrx_word' id='word_1_192' title='bbox 604 2916 716 2967; x_wconf 89' lang='lat' dir='ltr'>‘bellum</span> 
     </span>
    </p>
   </div>
   <div class='ocr_carea' id='block_1_14' title="bbox 164 2981 306 3035">
    <p class='ocr_par' dir='ltr' id='par_1_17' title="bbox 1 2981 306 3035">
     <span class='ocr_line' id='line_1_33' title="bbox 164 2981 306 3035; baseline 0.007 -0.931"><span class='ocrx_word' id='word_1_193' title='bbox 164 2981 228 3033; x_wconf 87' lang='lat' dir='ltr'>hoc.&#39;</span> <span class='ocrx_word' id='word_1_194' title='bbox 303 3025 306 3035; x_wconf 44' lang='lat'><em>2</em></span> 
     </span>
    </p>
   </div>
   <div class='ocr_carea' id='block_1_15' title="bbox 165 3048 721 3898">
    <p class='ocr_par' dir='ltr' id='par_1_18' title="bbox 165 3048 717 3622">
     <span class='ocr_line' id='line_1_34' title="bbox 201 3048 715 3113; baseline 0.006 -18"><span class='ocrx_word' id='word_1_195' title='bbox 201 3062 255 3111; x_wconf 88' lang='lat'>105.</span> <span class='ocrx_word' id='word_1_196' title='bbox 273 3048 344 3097; x_wconf 84' lang='lat' dir='ltr'>With</span> <span class='ocrx_word' id='word_1_197' title='bbox 368 3055 449 3098; x_wconf 84' lang='lat' dir='ltr'>natat</span> <span class='ocrx_word' id='word_1_198' title='bbox 473 3049 562 3098; x_wconf 87' lang='lat' dir='ltr'>Heinr.</span> <span class='ocrx_word' id='word_1_199' title='bbox 586 3064 715 3113; x_wconf 83' lang='lat' dir='ltr'>compares</span> 
     </span>
     <span class='ocr_line' id='line_1_35' title="bbox 165 3115 715 3178; baseline 0 -14"><span class='ocrx_word' id='word_1_200' title='bbox 165 3115 252 3178; x_wconf 90' lang='lat' dir='ltr'>Quint.</span> <span class='ocrx_word' id='word_1_201' title='bbox 272 3127 310 3165; x_wconf 84' lang='grc' dir='ltr'>ιο.</span> <span class='ocrx_word' id='word_1_202' title='bbox 336 3126 357 3176; x_wconf 84' lang='lat'>7.</span> <span class='ocrx_word' id='word_1_203' title='bbox 383 3117 412 3164; x_wconf 84' lang='lat'>18</span> <span class='ocrx_word' id='word_1_204' title='bbox 437 3115 575 3164; x_wconf 79' lang='lat' dir='ltr'>‘innatans</span> <span class='ocrx_word' id='word_1_205' title='bbox 596 3115 641 3163; x_wconf 93' lang='lat' dir='ltr'>illa</span> <span class='ocrx_word' id='word_1_206' title='bbox 664 3131 715 3164; x_wconf 86' lang='lat' dir='ltr'>ver·</span> 
     </span>
     <span class='ocr_line' id='line_1_36' title="bbox 165 3179 716 3245; baseline -0.004 -15"><span class='ocrx_word' id='word_1_207' title='bbox 165 3181 254 3230; x_wconf 89' lang='lat' dir='ltr'>borum</span> <span class='ocrx_word' id='word_1_208' title='bbox 271 3179 393 3230; x_wconf 64' lang='lat' dir='ltr'>facilitas!</span> <span class='ocrx_word' id='word_1_209' title='bbox 428 3181 515 3229; x_wconf 91' lang='lat' dir='ltr'>Heinr.</span> <span class='ocrx_word' id='word_1_210' title='bbox 536 3190 593 3245; x_wconf 88' lang='lat' dir='ltr'>puts</span> <span class='ocrx_word' id='word_1_211' title='bbox 613 3197 628 3229; x_wconf 94' lang='lat' dir='ltr'>a</span> <span class='ocrx_word' id='word_1_212' title='bbox 644 3182 716 3229; x_wconf 90' lang='lat' dir='ltr'>semi-</span> 
     </span>
     <span class='ocr_line' id='line_1_37' title="bbox 166 3245 716 3312; baseline -0.004 -16"><span class='ocrx_word' id='word_1_213' title='bbox 166 3247 239 3296; x_wconf 92' lang='lat' dir='ltr'>colon</span> <span class='ocrx_word' id='word_1_214' title='bbox 251 3247 313 3296; x_wconf 85' lang='lat' dir='ltr'>aiter</span> <span class='ocrx_word' id='word_1_215' title='bbox 325 3246 429 3297; x_wconf 79' lang='lat' dir='ltr'>‘natat&#39;</span> <span class='ocrx_word' id='word_1_216' title='bbox 462 3246 527 3310; x_wconf 90' lang='lat' dir='ltr'>Jahn</span> <span class='ocrx_word' id='word_1_217' title='bbox 542 3245 640 3312; x_wconf 83' lang='lat'>(1843),</span> <span class='ocrx_word' id='word_1_218' title='bbox 654 3246 716 3295; x_wconf 93' lang='lat' dir='ltr'>with</span> 
     </span>
     <span class='ocr_line' id='line_1_38' title="bbox 166 3310 717 3398; baseline 0.002 -38"><span class='ocrx_word' id='word_1_219' title='bbox 166 3313 208 3361; x_wconf 91' lang='lat' dir='ltr'>the</span> <span class='ocrx_word' id='word_1_220' title='bbox 236 3321 291 3368; x_wconf 86' lang='lat' dir='ltr'>rest,</span> <span class='ocrx_word' id='word_1_221' title='bbox 319 3314 380 3362; x_wconf 84' lang='lat' dir='ltr'>after</span> <span class='ocrx_word' id='word_1_222' title='bbox 409 3310 517 3362; x_wconf 75' lang='lat' dir='ltr'>‘labris&#39;</span> <span class='ocrx_word' id='word_1_223' title='bbox 559 3314 669 3398; x_wconf 87' lang='lat' dir='ltr'>Perhaps</span> <span class='ocrx_word' id='word_1_224' title='bbox 697 3313 717 3361; x_wconf 92' lang='lat' dir='ltr'>it</span> 
     </span>
     <span class='ocr_line' id='line_1_39' title="bbox 166 3378 717 3441; baseline -0.002 -15"><span class='ocrx_word' id='word_1_225' title='bbox 166 3378 248 3441; x_wconf 87' lang='lat' dir='ltr'>might</span> <span class='ocrx_word' id='word_1_226' title='bbox 272 3380 302 3427; x_wconf 92' lang='lat' dir='ltr'>be</span> <span class='ocrx_word' id='word_1_227' title='bbox 325 3381 404 3428; x_wconf 90' lang='lat' dir='ltr'>better</span> <span class='ocrx_word' id='word_1_228' title='bbox 428 3385 454 3427; x_wconf 88' lang='lat' dir='ltr'>to</span> <span class='ocrx_word' id='word_1_229' title='bbox 475 3378 547 3426; x_wconf 89' lang='lat' dir='ltr'>make</span> <span class='ocrx_word' id='word_1_230' title='bbox 574 3379 638 3428; x_wconf 88' lang='lat' dir='ltr'>‘hoe</span> <span class='ocrx_word' id='word_1_231' title='bbox 675 3379 717 3427; x_wconf 89' lang='lat' dir='ltr'>the</span> 
     </span>
     <span class='ocr_line' id='line_1_40' title="bbox 165 3442 717 3505; baseline 0.005 -15"><span class='ocrx_word' id='word_1_232' title='bbox 165 3459 233 3492; x_wconf 89' lang='lat' dir='ltr'>nom.</span> <span class='ocrx_word' id='word_1_233' title='bbox 244 3451 270 3492; x_wconf 92' lang='lat' dir='ltr'>to</span> <span class='ocrx_word' id='word_1_234' title='bbox 294 3445 355 3493; x_wconf 90' lang='lat' dir='ltr'>both</span> <span class='ocrx_word' id='word_1_235' title='bbox 380 3442 478 3493; x_wconf 86' lang='lat' dir='ltr'>‘natat’</span> <span class='ocrx_word' id='word_1_236' title='bbox 501 3444 550 3492; x_wconf 89' lang='lat' dir='ltr'>and</span> <span class='ocrx_word' id='word_1_237' title='bbox 578 3442 645 3505; x_wconf 86' lang='lat' dir='ltr'>‘est,’</span> <span class='ocrx_word' id='word_1_238' title='bbox 668 3445 717 3493; x_wconf 86' lang='lat' dir='ltr'>and</span> 
     </span>
     <span class='ocr_line' id='line_1_41' title="bbox 166 3506 717 3574; baseline 0.004 -19"><span class='ocrx_word' id='word_1_239' title='bbox 166 3514 213 3571; x_wconf 92' lang='lat' dir='ltr'>put</span> <span class='ocrx_word' id='word_1_240' title='bbox 237 3507 355 3557; x_wconf 84' lang='lat' dir='ltr'>‘Maenas</span> <span class='ocrx_word' id='word_1_241' title='bbox 373 3516 398 3557; x_wconf 93' lang='lat' dir='ltr'>et</span> <span class='ocrx_word' id='word_1_242' title='bbox 417 3506 498 3556; x_wconf 85' lang='lat' dir='ltr'>Attis&#39;</span> <span class='ocrx_word' id='word_1_243' title='bbox 523 3509 549 3557; x_wconf 90' lang='lat' dir='ltr'>in</span> <span class='ocrx_word' id='word_1_244' title='bbox 574 3509 717 3574; x_wconf 87' lang='lat' dir='ltr'>apposition</span> 
     </span>
     <span class='ocr_line' id='line_1_42' title="bbox 165 3573 232 3622; baseline 0 0"><span class='ocrx_word' id='word_1_245' title='bbox 165 3579 193 3622; x_wconf 94' lang='lat' dir='ltr'>to</span> <span class='ocrx_word' id='word_1_246' title='bbox 204 3573 232 3622; x_wconf 91' lang='lat' dir='ltr'>it.</span> 
     </span>
    </p>

    <p class='ocr_par' dir='ltr' id='par_1_19' title="bbox 232 3638 717 3704">
     <span class='ocr_line' id='line_1_43' title="bbox 232 3638 717 3704; baseline 0 -18"><span class='ocrx_word' id='word_1_247' title='bbox 232 3641 264 3686; x_wconf 86' lang='lat' dir='ltr'>in</span> <span class='ocrx_word' id='word_1_248' title='bbox 286 3641 344 3686; x_wconf 90' lang='lat' dir='ltr'>udo</span> <span class='ocrx_word' id='word_1_249' title='bbox 367 3645 418 3688; x_wconf 81' lang='lat' dir='ltr'>est.</span> <span class='ocrx_word' id='word_1_250' title='bbox 452 3638 517 3702; x_wconf 89' lang='lat' dir='ltr'>Jahn</span> <span class='ocrx_word' id='word_1_251' title='bbox 537 3655 668 3704; x_wconf 89' lang='lat' dir='ltr'>compares</span> <span class='ocrx_word' id='word_1_252' title='bbox 691 3639 717 3687; x_wconf 74' lang='grc' dir='ltr'>ἐν</span> 
     </span>
    </p>

    <p class='ocr_par' dir='ltr' id='par_1_20' title="bbox 166 3702 721 3818">
     <span class='ocr_line' id='line_1_44' title="bbox 167 3702 721 3768; baseline 0.005 -19"><span class='ocrx_word' id='word_1_253' title='bbox 167 3702 233 3766; x_wconf 74' lang='grc' dir='ltr'>ὑγρῷ</span> <span class='ocrx_word' id='word_1_254' title='bbox 252 3702 346 3765; x_wconf 77' lang='grc' dir='ltr'><em>ἐστινὴ</em></span> <span class='ocrx_word' id='word_1_255' title='bbox 363 3703 464 3765; x_wconf 77' lang='grc' dir='ltr'>γλῶττα</span> <span class='ocrx_word' id='word_1_256' title='bbox 476 3703 590 3768; x_wconf 90' lang='lat' dir='ltr'>Theoph.</span> <span class='ocrx_word' id='word_1_257' title='bbox 603 3704 642 3754; x_wconf 86' lang='lat' dir='ltr'>ch.</span> <span class='ocrx_word' id='word_1_258' title='bbox 655 3707 679 3766; x_wconf 90' lang='lat'>8,</span> <span class='ocrx_word' id='word_1_259' title='bbox 692 3705 721 3754; x_wconf 90' lang='lat' dir='ltr'>of</span> 
     </span>
     <span class='ocr_line' id='line_1_45' title="bbox 166 3768 391 3818; baseline -0.004 0"><span class='ocrx_word' id='word_1_260' title='bbox 166 3785 182 3818; x_wconf 92' lang='lat' dir='ltr'>a</span> <span class='ocrx_word' id='word_1_261' title='bbox 194 3768 313 3818; x_wconf 88' lang='lat' dir='ltr'>talkative</span> <span class='ocrx_word' id='word_1_262' title='bbox 326 3785 391 3817; x_wconf 90' lang='lat' dir='ltr'>man.</span> 
     </span>
    </p>

    <p class='ocr_par' dir='ltr' id='par_1_21' title="bbox 203 3833 718 3898">
     <span class='ocr_line' id='line_1_46' title="bbox 203 3833 718 3898; baseline -0.002 -15"><span class='ocrx_word' id='word_1_263' title='bbox 203 3834 257 3885; x_wconf 89' lang='lat'>106.</span> <span class='ocrx_word' id='word_1_264' title='bbox 275 3834 331 3884; x_wconf 87' lang='lat' dir='ltr'>The</span> <span class='ocrx_word' id='word_1_265' title='bbox 353 3833 436 3884; x_wconf 85' lang='lat' dir='ltr'>Schol.</span> <span class='ocrx_word' id='word_1_266' title='bbox 459 3849 527 3884; x_wconf 90' lang='lat' dir='ltr'>seem</span> <span class='ocrx_word' id='word_1_267' title='bbox 548 3834 613 3898; x_wconf 85' lang='lat' dir='ltr'>right</span> <span class='ocrx_word' id='word_1_268' title='bbox 629 3833 655 3882; x_wconf 93' lang='lat' dir='ltr'>in</span> <span class='ocrx_word' id='word_1_269' title='bbox 677 3850 718 3882; x_wconf 86' lang='lat' dir='ltr'>ex-</span> 
     </span>
    </p>
   </div>
   <div class='ocr_carea' id='block_1_16' title="bbox 167 3898 717 4016">
    <p class='ocr_par' dir='ltr' id='par_1_22' title="bbox 167 3898 717 4016">
     <span class='ocr_line' id='line_1_47' title="bbox 167 3898 717 4016; baseline -0.004 -68"><span class='ocrx_word' id='word_1_270' title='bbox 167 3900 282 4016; x_wconf 72' lang='lat' dir='ltr'>plaining</span> <span class='ocrx_word' id='word_1_271' title='bbox 303 3905 433 3958; x_wconf 82' lang='lat' dir='ltr'>pluteum</span> <span class='ocrx_word' id='word_1_272' title='bbox 452 3898 512 3976; x_wconf 39' lang='lat' dir='ltr'>&#39;here</span> <span class='ocrx_word' id='word_1_273' title='bbox 530 3899 560 3948; x_wconf 85' lang='lat' dir='ltr'>oi</span> <span class='ocrx_word' id='word_1_274' title='bbox 578 3900 620 3948; x_wconf 93' lang='lat' dir='ltr'>the</span> <span class='ocrx_word' id='word_1_275' title='bbox 642 3900 717 3983; x_wconf 63' lang='lat' dir='ltr'>¹³²ka</span> 
     </span>
     <span class='ocr_line' id='line_1_48' title="bbox 187 3964 702 4016; baseline -0.006 0"><span class='ocrx_word' id='word_1_276' title='bbox 187 3967 248 4016; x_wconf 89' lang='lat' dir='ltr'>oard</span> <span class='ocrx_word' id='word_1_277' title='bbox 270 3966 300 4016; x_wconf 89' lang='lat' dir='ltr'>os</span> <span class='ocrx_word' id='word_1_278' title='bbox 318 3966 360 4015; x_wconf 93' lang='lat' dir='ltr'>the</span> <span class='ocrx_word' id='word_1_279' title='bbox 386 3965 515 4015; x_wconf 78' lang='lat' dir='ltr'>‘lecticula</span> <span class='ocrx_word' id='word_1_280' title='bbox 537 3964 702 4014; x_wconf 89' lang='lat' dir='ltr'>lucubratorra</span> 
     </span>
    </p>
   </div>
   <div class='ocr_carea' id='block_1_17' title="bbox 167 4031 717 4163">
    <p class='ocr_par' dir='ltr' id='par_1_23' title="bbox 167 4031 717 4163">
     <span class='ocr_line' id='line_1_49' title="bbox 169 4031 717 4096; baseline -0.005 -14"><span class='ocrx_word' id='word_1_281' title='bbox 169 4034 204 4095; x_wconf 85' lang='lat' dir='ltr'>(r.</span> <span class='ocrx_word' id='word_1_282' title='bbox 217 4046 248 4096; x_wconf 81' lang='lat'>53</span> <span class='ocrx_word' id='word_1_283' title='bbox 258 4033 335 4094; x_wconf 89' lang='lat' dir='ltr'>note).</span> <span class='ocrx_word' id='word_1_284' title='bbox 371 4031 488 4095; x_wconf 88' lang='lat' dir='ltr'>‘Sponda</span> <span class='ocrx_word' id='word_1_285' title='bbox 500 4039 535 4080; x_wconf 90' lang='lat' dir='ltr'>est</span> <span class='ocrx_word' id='word_1_286' title='bbox 544 4031 648 4079; x_wconf 82' lang='lat' dir='ltr'>exterior</span> <span class='ocrx_word' id='word_1_287' title='bbox 660 4046 717 4094; x_wconf 88' lang='lat' dir='ltr'>pars</span> 
     </span>
     <span class='ocr_line' id='line_1_50' title="bbox 167 4095 716 4163; baseline -0.009 -16"><span class='ocrx_word' id='word_1_288' title='bbox 167 4098 236 4159; x_wconf 90' lang='lat' dir='ltr'>lecti,</span> <span class='ocrx_word' id='word_1_289' title='bbox 247 4100 352 4163; x_wconf 79' lang='lat' dir='ltr'>pluteus</span> <span class='ocrx_word' id='word_1_290' title='bbox 367 4095 484 4146; x_wconf 62' lang='lat' dir='ltr'>interior?</span> <span class='ocrx_word' id='word_1_291' title='bbox 515 4095 645 4145; x_wconf 88' lang='lat' dir='ltr'>Suetonius</span> <span class='ocrx_word' id='word_1_292' title='bbox 661 4095 716 4144; x_wconf 85' lang='lat' dir='ltr'>Cal.</span> 
     </span>
    </p>
   </div>
   <div class='ocr_carea' id='block_1_18' title="bbox 759 2197 1318 2263">
    <p class='ocr_par' dir='ltr' id='par_1_24' title="bbox 759 2197 1318 2263">
     <span class='ocr_line' id='line_1_51' title="bbox 759 2197 1318 2263; baseline 0.004 -18"><span class='ocrx_word' id='word_1_293' title='bbox 759 2197 881 2261; x_wconf 86' lang='lat' dir='ltr'>listlessly</span> <span class='ocrx_word' id='word_1_294' title='bbox 893 2197 1027 2263; x_wconf 89' lang='lat' dir='ltr'>drivelling</span> <span class='ocrx_word' id='word_1_295' title='bbox 1038 2205 1081 2247; x_wconf 91' lang='lat' dir='ltr'>out</span> <span class='ocrx_word' id='word_1_296' title='bbox 1093 2198 1132 2246; x_wconf 90' lang='lat' dir='ltr'>his</span> <span class='ocrx_word' id='word_1_297' title='bbox 1143 2212 1235 2258; x_wconf 85' lang='lat' dir='ltr'>verses,</span> <span class='ocrx_word' id='word_1_298' title='bbox 1247 2197 1318 2248; x_wconf 87' lang='lat' dir='ltr'>with·</span> 
     </span>
    </p>
   </div>
   <div class='ocr_carea' id='block_1_19' title="bbox 764 2264 1346 4158">
    <p class='ocr_par' dir='ltr' id='par_1_25' title="bbox 764 2264 1346 2394">
     <span class='ocr_line' id='line_1_52' title="bbox 764 2264 1319 2328; baseline 0.002 -16"><span class='ocrx_word' id='word_1_299' title='bbox 764 2271 808 2312; x_wconf 92' lang='lat' dir='ltr'>out</span> <span class='ocrx_word' id='word_1_300' title='bbox 819 2279 867 2327; x_wconf 87' lang='lat' dir='ltr'>any</span> <span class='ocrx_word' id='word_1_301' title='bbox 877 2264 989 2328; x_wconf 86' lang='lat' dir='ltr'>physical</span> <span class='ocrx_word' id='word_1_302' title='bbox 1000 2265 1109 2314; x_wconf 83' lang='lat' dir='ltr'>exertion</span> <span class='ocrx_word' id='word_1_303' title='bbox 1121 2278 1150 2313; x_wconf 91' lang='lat' dir='ltr'>or</span> <span class='ocrx_word' id='word_1_304' title='bbox 1160 2278 1222 2314; x_wconf 81' lang='lat' dir='ltr'>even</span> <span class='ocrx_word' id='word_1_305' title='bbox 1234 2279 1319 2313; x_wconf 84' lang='lat' dir='ltr'>move·</span> 
     </span>
     <span class='ocr_line' id='line_1_53' title="bbox 764 2330 1346 2394; baseline 0.007 -18"><span class='ocrx_word' id='word_1_306' title='bbox 764 2336 831 2378; x_wconf 89' lang='lat' dir='ltr'>ment</span> <span class='ocrx_word' id='word_1_307' title='bbox 842 2330 871 2378; x_wconf 88' lang='lat' dir='ltr'>oi</span> <span class='ocrx_word' id='word_1_308' title='bbox 879 2330 1036 2394; x_wconf 88' lang='lat' dir='ltr'>impatience.</span> <span class='ocrx_word' id='word_1_309' title='bbox 1343 2381 1346 2385; x_wconf 72' lang='grc'>,</span> 
     </span>
    </p>

    <p class='ocr_par' dir='ltr' id='par_1_26' title="bbox 764 2393 1318 2773">
     <span class='ocr_line' id='line_1_54' title="bbox 830 2393 1316 2456; baseline -0.002 -12"><span class='ocrx_word' id='word_1_310' title='bbox 830 2398 932 2456; x_wconf 81' lang='lat' dir='ltr'>oaedit,</span> <span class='ocrx_word' id='word_1_311' title='bbox 963 2395 1016 2444; x_wconf 90' lang='lat' dir='ltr'>like</span> <span class='ocrx_word' id='word_1_312' title='bbox 1050 2393 1170 2444; x_wconf 87' lang='lat' dir='ltr'>‘caedere</span> <span class='ocrx_word' id='word_1_313' title='bbox 1209 2393 1316 2443; x_wconf 73' lang='lat' dir='ltr'>ostium*</span> 
     </span>
     <span class='ocr_line' id='line_1_55' title="bbox 764 2457 1316 2524; baseline -0.005 -14"><span class='ocrx_word' id='word_1_314' title='bbox 764 2459 845 2510; x_wconf 89' lang='lat' dir='ltr'>Lucil.</span> <span class='ocrx_word' id='word_1_315' title='bbox 867 2474 905 2524; x_wconf 82' lang='lat'>²9·</span> <span class='ocrx_word' id='word_1_316' title='bbox 924 2474 963 2523; x_wconf 82' lang='lat'>35.</span> <span class='ocrx_word' id='word_1_317' title='bbox 984 2459 1072 2509; x_wconf 89' lang='lat' dir='ltr'>Heinr.</span> <span class='ocrx_word' id='word_1_318' title='bbox 1107 2457 1190 2509; x_wconf 89' lang='lat' dir='ltr'>Greek</span> <span class='ocrx_word' id='word_1_319' title='bbox 1209 2457 1316 2508; x_wconf 72' lang='grc' dir='ltr'>κόπτειν.</span> 
     </span>
     <span class='ocr_line' id='line_1_56' title="bbox 766 2522 1317 2576; baseline 0 0"><span class='ocrx_word' id='word_1_320' title='bbox 766 2526 887 2576; x_wconf 87' lang='lat' dir='ltr'>‘Caedit&#39;</span> <span class='ocrx_word' id='word_1_321' title='bbox 904 2526 1038 2575; x_wconf 89' lang='lat' dir='ltr'>rhetorical</span> <span class='ocrx_word' id='word_1_322' title='bbox 1056 2525 1095 2574; x_wconf 85' lang='lat' dir='ltr'>sor</span> <span class='ocrx_word' id='word_1_323' title='bbox 1108 2522 1225 2575; x_wconf 85' lang='lat' dir='ltr'>‘caedere</span> <span class='ocrx_word' id='word_1_324' title='bbox 1240 2522 1317 2576; x_wconf 70' lang='lat' dir='ltr'>facit?</span> 
     </span>
     <span class='ocr_line' id='line_1_57' title="bbox 766 2591 1318 2655; baseline 0 -14"><span class='ocrx_word' id='word_1_325' title='bbox 766 2593 890 2655; x_wconf 88' lang='lat' dir='ltr'>Compare</span> <span class='ocrx_word' id='word_1_326' title='bbox 904 2605 925 2639; x_wconf 81' lang='lat'>2.</span> <span class='ocrx_word' id='word_1_327' title='bbox 938 2591 971 2655; x_wconf 84' lang='lat'>64</span> <span class='ocrx_word' id='word_1_328' title='bbox 982 2591 1072 2641; x_wconf 83' lang='lat' dir='ltr'>‘Haec</span> <span class='ocrx_word' id='word_1_329' title='bbox 1083 2591 1132 2639; x_wconf 92' lang='lat' dir='ltr'>sibi</span> <span class='ocrx_word' id='word_1_330' title='bbox 1143 2596 1262 2654; x_wconf 89' lang='lat' dir='ltr'>corrupto</span> <span class='ocrx_word' id='word_1_331' title='bbox 1279 2607 1318 2641; x_wconf 88' lang='lat' dir='ltr'>ca·</span> 
     </span>
     <span class='ocr_line' id='line_1_58' title="bbox 765 2655 1318 2722; baseline 0.004 -17"><span class='ocrx_word' id='word_1_332' title='bbox 765 2658 829 2706; x_wconf 86' lang='lat' dir='ltr'>siam</span> <span class='ocrx_word' id='word_1_333' title='bbox 848 2657 963 2706; x_wconf 86' lang='lat' dir='ltr'>dissolvit</span> <span class='ocrx_word' id='word_1_334' title='bbox 983 2656 1066 2707; x_wconf 88' lang='lat' dir='ltr'>olivo:</span> <span class='ocrx_word' id='word_1_335' title='bbox 1085 2657 1157 2705; x_wconf 87' lang='lat' dir='ltr'>Haec</span> <span class='ocrx_word' id='word_1_336' title='bbox 1179 2655 1318 2722; x_wconf 79' lang='lat' dir='ltr'>Calabrum</span> 
     </span>
     <span class='ocr_line' id='line_1_59' title="bbox 765 2721 1139 2773; baseline -0.008 -1"><span class='ocrx_word' id='word_1_337' title='bbox 765 2723 833 2772; x_wconf 87' lang='lat' dir='ltr'>coxit</span> <span class='ocrx_word' id='word_1_338' title='bbox 844 2723 932 2771; x_wconf 87' lang='lat' dir='ltr'>vitiato</span> <span class='ocrx_word' id='word_1_339' title='bbox 942 2723 1036 2773; x_wconf 89' lang='lat' dir='ltr'>murice</span> <span class='ocrx_word' id='word_1_340' title='bbox 1044 2721 1139 2772; x_wconf 79' lang='lat' dir='ltr'>vellns’</span> 
     </span>
    </p>

    <p class='ocr_par' dir='ltr' id='par_1_27' title="bbox 765 2786 1321 3106">
     <span class='ocr_line' id='line_1_60' title="bbox 832 2786 1319 2846; baseline 0.004 -11"><span class='ocrx_word' id='word_1_341' title='bbox 832 2791 974 2836; x_wconf 81' lang='lat' dir='ltr'>demorsos</span> <span class='ocrx_word' id='word_1_342' title='bbox 986 2790 1061 2844; x_wconf 80' lang='lat' dir='ltr'>sapit</span> <span class='ocrx_word' id='word_1_343' title='bbox 1070 2790 1182 2846; x_wconf 74' lang='lat' dir='ltr'>unguis.</span> <span class='ocrx_word' id='word_1_344' title='bbox 1201 2786 1319 2837; x_wconf 86' lang='lat' dir='ltr'>Imitated</span> 
     </span>
     <span class='ocr_line' id='line_1_61' title="bbox 766 2853 1319 2916; baseline 0.004 -15"><span class='ocrx_word' id='word_1_345' title='bbox 766 2853 830 2901; x_wconf 85' lang='lat' dir='ltr'>from</span> <span class='ocrx_word' id='word_1_346' title='bbox 843 2853 907 2902; x_wconf 87' lang='lat' dir='ltr'>Hor.</span> <span class='ocrx_word' id='word_1_347' title='bbox 919 2866 931 2902; x_wconf 92' lang='lat'>1</span> <span class='ocrx_word' id='word_1_348' title='bbox 941 2853 966 2902; x_wconf 91' lang='lat' dir='ltr'>S.</span> <span class='ocrx_word' id='word_1_349' title='bbox 976 2867 1013 2902; x_wconf 92' lang='lat'>10.</span> <span class='ocrx_word' id='word_1_350' title='bbox 1026 2863 1066 2916; x_wconf 82' lang='lat'>70,</span> <span class='ocrx_word' id='word_1_351' title='bbox 1078 2853 1201 2916; x_wconf 82' lang='lat' dir='ltr'>speaking</span> <span class='ocrx_word' id='word_1_352' title='bbox 1212 2853 1242 2902; x_wconf 86' lang='lat' dir='ltr'>oi</span> <span class='ocrx_word' id='word_1_353' title='bbox 1251 2853 1319 2903; x_wconf 88' lang='lat' dir='ltr'>what</span> 
     </span>
     <span class='ocr_line' id='line_1_62' title="bbox 766 2917 1319 2979; baseline 0 -12"><span class='ocrx_word' id='word_1_354' title='bbox 766 2919 877 2968; x_wconf 90' lang='lat' dir='ltr'>Lucilius</span> <span class='ocrx_word' id='word_1_355' title='bbox 888 2918 963 2968; x_wconf 82' lang='lat' dir='ltr'>sailed</span> <span class='ocrx_word' id='word_1_356' title='bbox 974 2925 1002 2968; x_wconf 92' lang='lat' dir='ltr'>to</span> <span class='ocrx_word' id='word_1_357' title='bbox 1012 2918 1055 2979; x_wconf 89' lang='lat' dir='ltr'>do,</span> <span class='ocrx_word' id='word_1_358' title='bbox 1069 2917 1108 2966; x_wconf 90' lang='lat' dir='ltr'>‘in</span> <span class='ocrx_word' id='word_1_359' title='bbox 1119 2933 1191 2966; x_wconf 85' lang='lat' dir='ltr'>versu</span> <span class='ocrx_word' id='word_1_360' title='bbox 1203 2918 1319 2968; x_wconf 84' lang='lat' dir='ltr'>iaciendo</span> 
     </span>
     <span class='ocr_line' id='line_1_63' title="bbox 766 2983 1321 3070; baseline -0.005 -36"><span class='ocrx_word' id='word_1_361' title='bbox 766 3000 839 3048; x_wconf 91' lang='lat' dir='ltr'>saepe</span> <span class='ocrx_word' id='word_1_362' title='bbox 862 2991 937 3070; x_wconf 64' lang='lat' dir='ltr'>caput</span> <span class='ocrx_word' id='word_1_363' title='bbox 955 2983 1075 3043; x_wconf 84' lang='lat' dir='ltr'>scaberet,</span> <span class='ocrx_word' id='word_1_364' title='bbox 1093 2983 1163 3043; x_wconf 70' lang='lat' dir='ltr'>vibes</span> <span class='ocrx_word' id='word_1_365' title='bbox 1181 2988 1206 3032; x_wconf 82' lang='lat' dir='ltr'>ct</span> <span class='ocrx_word' id='word_1_366' title='bbox 1224 2983 1321 3034; x_wconf 73' lang='lat' dir='ltr'>roderet</span> 
     </span>
     <span class='ocr_line' id='line_1_64' title="bbox 765 3066 895 3106; baseline 0 -7"><span class='ocrx_word' id='word_1_367' title='bbox 765 3067 802 3100; x_wconf 87' lang='lat' dir='ltr'>un</span> <span class='ocrx_word' id='word_1_368' title='bbox 849 3066 868 3099; x_wconf 92' lang='lat' dir='ltr'>s.</span> <span class='ocrx_word' id='word_1_369' title='bbox 892 3096 895 3106; x_wconf 73' lang='grc'><strong><em>,</em></strong></span> 
     </span>
    </p>

    <p class='ocr_par' dir='ltr' id='par_1_28' title="bbox 765 3066 1323 4028">
     <span class='ocr_line' id='line_1_65' title="bbox 800 3066 1319 3178; baseline -0.002 -15"><span class='ocrx_word' id='word_1_370' title='bbox 800 3066 921 3178; x_wconf 44' lang='grc' dir='ltr'><strong>ἕξις-113.</strong></span> <span class='ocrx_word' id='word_1_371' title='bbox 942 3117 974 3166; x_wconf 86' lang='lat' dir='ltr'>F.</span> <span class='ocrx_word' id='word_1_372' title='bbox 992 3117 1060 3165; x_wconf 89' lang='lat' dir='ltr'>Even</span> <span class='ocrx_word' id='word_1_373' title='bbox 1078 3113 1100 3163; x_wconf 89' lang='lat' dir='ltr'>if</span> <span class='ocrx_word' id='word_1_374' title='bbox 1116 3113 1167 3163; x_wconf 85' lang='lat' dir='ltr'>this</span> <span class='ocrx_word' id='word_1_375' title='bbox 1188 3114 1220 3164; x_wconf 90' lang='lat' dir='ltr'>be</span> <span class='ocrx_word' id='word_1_376' title='bbox 1242 3111 1319 3172; x_wconf 86' lang='lat' dir='ltr'>truth,</span> 
     </span>
     <span class='ocr_line' id='line_1_66' title="bbox 765 3178 1320 3244; baseline -0.004 -14"><span class='ocrx_word' id='word_1_377' title='bbox 765 3181 823 3244; x_wconf 89' lang='lat' dir='ltr'>why</span> <span class='ocrx_word' id='word_1_378' title='bbox 843 3181 886 3230; x_wconf 89' lang='lat' dir='ltr'>tell</span> <span class='ocrx_word' id='word_1_379' title='bbox 909 3182 947 3231; x_wconf 87' lang='lat' dir='ltr'>itl</span> <span class='ocrx_word' id='word_1_380' title='bbox 989 3182 1046 3230; x_wconf 86' lang='lat' dir='ltr'>Yon</span> <span class='ocrx_word' id='word_1_381' title='bbox 1074 3180 1126 3229; x_wconf 90' lang='lat' dir='ltr'>will</span> <span class='ocrx_word' id='word_1_382' title='bbox 1151 3179 1212 3242; x_wconf 90' lang='lat' dir='ltr'>only</span> <span class='ocrx_word' id='word_1_383' title='bbox 1237 3178 1320 3230; x_wconf 78' lang='lat' dir='ltr'>offend</span> 
     </span>
     <span class='ocr_line' id='line_1_67' title="bbox 766 3245 1320 3310; baseline -0.002 -14"><span class='ocrx_word' id='word_1_384' title='bbox 766 3247 838 3296; x_wconf 91' lang='lat' dir='ltr'>those</span> <span class='ocrx_word' id='word_1_385' title='bbox 857 3247 940 3295; x_wconf 86' lang='lat' dir='ltr'>whom</span> <span class='ocrx_word' id='word_1_386' title='bbox 959 3247 978 3296; x_wconf 89' lang='lat' dir='ltr'>it</span> <span class='ocrx_word' id='word_1_387' title='bbox 997 3248 1018 3296; x_wconf 89' lang='lat' dir='ltr'>is</span> <span class='ocrx_word' id='word_1_388' title='bbox 1034 3261 1096 3310; x_wconf 89' lang='lat' dir='ltr'>your</span> <span class='ocrx_word' id='word_1_389' title='bbox 1111 3245 1212 3295; x_wconf 78' lang='lat' dir='ltr'>interest</span> <span class='ocrx_word' id='word_1_390' title='bbox 1229 3252 1274 3294; x_wconf 91' lang='lat' dir='ltr'>not</span> <span class='ocrx_word' id='word_1_391' title='bbox 1292 3254 1320 3295; x_wconf 89' lang='lat' dir='ltr'>to</span> 
     </span>
     <span class='ocr_line' id='line_1_68' title="bbox 768 3309 1320 3375; baseline -0.007 -13"><span class='ocrx_word' id='word_1_392' title='bbox 768 3312 858 3362; x_wconf 82' lang='lat' dir='ltr'>offend.</span> <span class='ocrx_word' id='word_1_393' title='bbox 891 3313 922 3362; x_wconf 87' lang='lat' dir='ltr'>P.</span> <span class='ocrx_word' id='word_1_394' title='bbox 940 3313 1022 3375; x_wconf 86' lang='lat' dir='ltr'>‘Very</span> <span class='ocrx_word' id='word_1_395' title='bbox 1035 3311 1101 3372; x_wconf 87' lang='lat' dir='ltr'>well,</span> <span class='ocrx_word' id='word_1_396' title='bbox 1122 3309 1279 3361; x_wconf 85' lang='lat' dir='ltr'>then—have</span> <span class='ocrx_word' id='word_1_397' title='bbox 1300 3314 1320 3360; x_wconf 91' lang='lat' dir='ltr'>it</span> 
     </span>
     <span class='ocr_line' id='line_1_69' title="bbox 767 3376 1320 3443; baseline -0.002 -16"><span class='ocrx_word' id='word_1_398' title='bbox 767 3395 829 3443; x_wconf 90' lang='lat' dir='ltr'>your</span> <span class='ocrx_word' id='word_1_399' title='bbox 837 3394 894 3428; x_wconf 90' lang='lat' dir='ltr'>own</span> <span class='ocrx_word' id='word_1_400' title='bbox 905 3384 1038 3443; x_wconf 87' lang='lat' dir='ltr'>way-put</span> <span class='ocrx_word' id='word_1_401' title='bbox 1049 3393 1084 3442; x_wconf 89' lang='lat' dir='ltr'>up</span> <span class='ocrx_word' id='word_1_402' title='bbox 1101 3391 1117 3425; x_wconf 90' lang='lat' dir='ltr'>a</span> <span class='ocrx_word' id='word_1_403' title='bbox 1133 3376 1212 3426; x_wconf 86' lang='lat' dir='ltr'>board</span> <span class='ocrx_word' id='word_1_404' title='bbox 1223 3376 1320 3442; x_wconf 83' lang='lat' dir='ltr'>against</span> 
     </span>
     <span class='ocr_line' id='line_1_70' title="bbox 767 3442 1320 3506; baseline -0.002 -13"><span class='ocrx_word' id='word_1_405' title='bbox 767 3445 902 3500; x_wconf 84' lang='lat' dir='ltr'>nuisances,</span> <span class='ocrx_word' id='word_1_406' title='bbox 920 3445 968 3492; x_wconf 88' lang='lat' dir='ltr'>and</span> <span class='ocrx_word' id='word_1_407' title='bbox 986 3444 999 3492; x_wconf 96' lang='lat' dir='ltr'>I</span> <span class='ocrx_word' id='word_1_408' title='bbox 1016 3443 1070 3492; x_wconf 85' lang='lat' dir='ltr'>will</span> <span class='ocrx_word' id='word_1_409' title='bbox 1088 3442 1156 3492; x_wconf 86' lang='lat' dir='ltr'>leave</span> <span class='ocrx_word' id='word_1_410' title='bbox 1176 3457 1234 3506; x_wconf 91' lang='lat' dir='ltr'>you.</span> <span class='ocrx_word' id='word_1_411' title='bbox 1272 3442 1320 3492; x_wconf 90' lang='lat' dir='ltr'>But</span> 
     </span>
     <span class='ocr_line' id='line_1_71' title="bbox 768 3507 1321 3573; baseline -0.004 -15"><span class='ocrx_word' id='word_1_412' title='bbox 768 3509 880 3559; x_wconf 90' lang='lat' dir='ltr'>Lucilius</span> <span class='ocrx_word' id='word_1_413' title='bbox 909 3509 1028 3573; x_wconf 84' lang='lat' dir='ltr'>indulged</span> <span class='ocrx_word' id='word_1_414' title='bbox 1061 3509 1100 3558; x_wconf 86' lang='lat' dir='ltr'>his</span> <span class='ocrx_word' id='word_1_415' title='bbox 1127 3507 1243 3568; x_wconf 88' lang='lat' dir='ltr'>humour,</span> <span class='ocrx_word' id='word_1_416' title='bbox 1270 3508 1321 3557; x_wconf 89' lang='lat' dir='ltr'>and</span> 
     </span>
     <span class='ocr_line' id='line_1_72' title="bbox 769 3572 1321 3640; baseline -0.005 -16"><span class='ocrx_word' id='word_1_417' title='bbox 769 3575 869 3624; x_wconf 85' lang='lat' dir='ltr'>Horace</span> <span class='ocrx_word' id='word_1_418' title='bbox 881 3575 929 3635; x_wconf 92' lang='lat' dir='ltr'>his,</span> <span class='ocrx_word' id='word_1_419' title='bbox 942 3575 1039 3640; x_wconf 87' lang='lat' dir='ltr'>though</span> <span class='ocrx_word' id='word_1_420' title='bbox 1054 3574 1080 3623; x_wconf 92' lang='lat' dir='ltr'>in</span> <span class='ocrx_word' id='word_1_421' title='bbox 1092 3590 1107 3622; x_wconf 92' lang='lat' dir='ltr'>a</span> <span class='ocrx_word' id='word_1_422' title='bbox 1118 3572 1220 3638; x_wconf 88' lang='lat' dir='ltr'>quicker</span> <span class='ocrx_word' id='word_1_423' title='bbox 1231 3588 1321 3636; x_wconf 88' lang='lat' dir='ltr'>way-</span> 
     </span>
     <span class='ocr_line' id='line_1_73' title="bbox 767 3637 1321 3705; baseline -0.007 -16"><span class='ocrx_word' id='word_1_424' title='bbox 767 3640 790 3690; x_wconf 91' lang='lat' dir='ltr'>is</span> <span class='ocrx_word' id='word_1_425' title='bbox 801 3641 870 3690; x_wconf 91' lang='lat' dir='ltr'>there</span> <span class='ocrx_word' id='word_1_426' title='bbox 886 3656 920 3689; x_wconf 94' lang='lat' dir='ltr'>no</span> <span class='ocrx_word' id='word_1_427' title='bbox 936 3641 1008 3705; x_wconf 85' lang='lat' dir='ltr'>place</span> <span class='ocrx_word' id='word_1_428' title='bbox 1018 3640 1100 3689; x_wconf 89' lang='lat' dir='ltr'>where</span> <span class='ocrx_word' id='word_1_429' title='bbox 1111 3639 1124 3686; x_wconf 92' lang='lat' dir='ltr'>l</span> <span class='ocrx_word' id='word_1_430' title='bbox 1136 3653 1193 3700; x_wconf 89' lang='lat' dir='ltr'>may</span> <span class='ocrx_word' id='word_1_431' title='bbox 1205 3637 1268 3702; x_wconf 84' lang='lat' dir='ltr'>bury</span> <span class='ocrx_word' id='word_1_432' title='bbox 1278 3654 1321 3701; x_wconf 92' lang='lat' dir='ltr'>my</span> 
     </span>
     <span class='ocr_line' id='line_1_74' title="bbox 769 3703 1320 3763; baseline -0.007 -8"><span class='ocrx_word' id='word_1_433' title='bbox 769 3704 878 3756; x_wconf 85' lang='lat' dir='ltr'>secretl’</span> <span class='ocrx_word' id='word_1_434' title='bbox 918 3707 949 3755; x_wconf 90' lang='lat' dir='ltr'>F.</span> <span class='ocrx_word' id='word_1_435' title='bbox 967 3707 1047 3755; x_wconf 91' lang='lat' dir='ltr'>None.</span> <span class='ocrx_word' id='word_1_436' title='bbox 1086 3705 1117 3754; x_wconf 86' lang='lat' dir='ltr'>P.</span> <span class='ocrx_word' id='word_1_437' title='bbox 1134 3703 1320 3763; x_wconf 82' lang='lat' dir='ltr'>‘Well,1will</span> 
     </span>
     <span class='ocr_line' id='line_1_75' title="bbox 769 3768 1321 3835; baseline -0.004 -16"><span class='ocrx_word' id='word_1_438' title='bbox 769 3771 865 3819; x_wconf 85' lang='lat' dir='ltr'>confide</span> <span class='ocrx_word' id='word_1_439' title='bbox 882 3771 902 3819; x_wconf 92' lang='lat' dir='ltr'>it</span> <span class='ocrx_word' id='word_1_440' title='bbox 918 3777 945 3820; x_wconf 91' lang='lat' dir='ltr'>to</span> <span class='ocrx_word' id='word_1_441' title='bbox 961 3787 1004 3835; x_wconf 91' lang='lat' dir='ltr'>my</span> <span class='ocrx_word' id='word_1_442' title='bbox 1015 3769 1098 3820; x_wconf 86' lang='lat' dir='ltr'>book:</span> <span class='ocrx_word' id='word_1_443' title='bbox 1116 3768 1321 3819; x_wconf 67' lang='lat' dir='ltr'>lister-Aurae</span> 
     </span>
     <span class='ocr_line' id='line_1_76' title="bbox 769 3833 1322 3896; baseline 0 -12"><span class='ocrx_word' id='word_1_444' title='bbox 769 3837 851 3885; x_wconf 84' lang='lat' dir='ltr'>world</span> <span class='ocrx_word' id='word_1_445' title='bbox 864 3852 908 3884; x_wconf 83' lang='lat' dir='ltr'>are</span> <span class='ocrx_word' id='word_1_446' title='bbox 925 3852 996 3887; x_wconf 83' lang='lat' dir='ltr'>asses.</span> <span class='ocrx_word' id='word_1_447' title='bbox 1028 3836 1119 3896; x_wconf 89' lang='lat' dir='ltr'>There,</span> <span class='ocrx_word' id='word_1_448' title='bbox 1130 3833 1186 3887; x_wconf 91' lang='lat' dir='ltr'>that</span> <span class='ocrx_word' id='word_1_449' title='bbox 1203 3834 1225 3885; x_wconf 82' lang='lat' dir='ltr'>is</span> <span class='ocrx_word' id='word_1_450' title='bbox 1240 3833 1322 3884; x_wconf 85' lang='lat' dir='ltr'>worth</span> 
     </span>
     <span class='ocr_line' id='line_1_77' title="bbox 768 3901 984 3964; baseline 0 -14"><span class='ocrx_word' id='word_1_451' title='bbox 768 3901 804 3950; x_wconf 91' lang='lat' dir='ltr'>all</span> <span class='ocrx_word' id='word_1_452' title='bbox 816 3917 877 3964; x_wconf 89' lang='lat' dir='ltr'>your</span> <span class='ocrx_word' id='word_1_453' title='bbox 889 3901 984 3951; x_wconf 70' lang='lat' dir='ltr'>Iliada*</span> 
     </span>
     <span class='ocr_line' id='line_1_78' title="bbox 803 3964 1323 4028; baseline 0.002 -14"><span class='ocrx_word' id='word_1_454' title='bbox 803 3975 857 4028; x_wconf 84' lang='lat'>107.</span> <span class='ocrx_word' id='word_1_455' title='bbox 874 3972 1003 4016; x_wconf 78' lang='lat' dir='ltr'>teneras.</span> <span class='ocrx_word' id='word_1_456' title='bbox 1017 4004 1023 4016; x_wconf 95' lang='lat'>.</span> <span class='ocrx_word' id='word_1_457' title='bbox 1036 3968 1204 4025; x_wconf 80' lang='lat' dir='ltr'>.eu1·loulas,</span> <span class='ocrx_word' id='word_1_458' title='bbox 1217 3964 1323 4015; x_wconf 85' lang='lat' dir='ltr'>‘molles</span> 
     </span>
    </p>

    <p class='ocr_par' dir='ltr' id='par_1_29' title="bbox 768 4029 1140 4095">
     <span class='ocr_line' id='line_1_79' title="bbox 768 4029 1140 4095; baseline 0.005 -17"><span class='ocrx_word' id='word_1_459' title='bbox 768 4029 908 4080; x_wconf 89' lang='lat' dir='ltr'>auriculae&#39;</span> <span class='ocrx_word' id='word_1_460' title='bbox 921 4031 985 4082; x_wconf 87' lang='lat' dir='ltr'>Hor.</span> <span class='ocrx_word' id='word_1_461' title='bbox 999 4047 1011 4080; x_wconf 83' lang='lat'>1</span> <span class='ocrx_word' id='word_1_462' title='bbox 1025 4032 1050 4081; x_wconf 88' lang='lat' dir='ltr'>S.</span> <span class='ocrx_word' id='word_1_463' title='bbox 1063 4046 1086 4095; x_wconf 83' lang='lat'>5.</span> <span class='ocrx_word' id='word_1_464' title='bbox 1101 4045 1140 4093; x_wconf 81' lang='lat'>3²·</span> 
     </span>
    </p>

    <p class='ocr_par' dir='ltr' id='par_1_30' title="bbox 833 4099 1280 4158">
     <span class='ocr_line' id='line_1_80' title="bbox 833 4099 1280 4158; baseline 0.002 -14"><span class='ocrx_word' id='word_1_465' title='bbox 833 4102 945 4144; x_wconf 80' lang='lat' dir='ltr'>teneras</span> <span class='ocrx_word' id='word_1_466' title='bbox 955 4132 961 4145; x_wconf 91' lang='lat'><strong>.</strong></span> <span class='ocrx_word' id='word_1_467' title='bbox 971 4133 978 4146; x_wconf 89' lang='lat'><strong><em>.</em></strong></span> <span class='ocrx_word' id='word_1_468' title='bbox 989 4100 1107 4147; x_wconf 64' lang='lat' dir='ltr'>madere.</span> <span class='ocrx_word' id='word_1_469' title='bbox 1129 4110 1151 4158; x_wconf 82' lang='lat'>3.</span> <span class='ocrx_word' id='word_1_470' title='bbox 1162 4109 1208 4157; x_wconf 84' lang='lat'>113</span> <span class='ocrx_word' id='word_1_471' title='bbox 1221 4099 1280 4146; x_wconf 81' lang='lat' dir='ltr'>‘ten</span> 
     </span>
    </p>
   </div>
   <div class='ocr_carea' id='block_1_20' title="bbox 169 4159 1323 4293">
    <p class='ocr_par' dir='ltr' id='par_1_31' title="bbox 169 4159 1323 4293">
     <span class='ocr_line' id='line_1_81' title="bbox 171 4159 1323 4227; baseline 0.001 -15"><span class='ocrx_word' id='word_1_472' title='bbox 171 4162 200 4212; x_wconf 82' lang='lat'>26</span> <span class='ocrx_word' id='word_1_473' title='bbox 214 4164 327 4213; x_wconf 88' lang='lat' dir='ltr'>‘cenanti</span> <span class='ocrx_word' id='word_1_474' title='bbox 339 4164 416 4212; x_wconf 93' lang='lat' dir='ltr'>modo</span> <span class='ocrx_word' id='word_1_475' title='bbox 425 4164 457 4211; x_wconf 95' lang='lat' dir='ltr'>ad</span> <span class='ocrx_word' id='word_1_476' title='bbox 460 4163 585 4227; x_wconf 82' lang='lat' dir='ltr'>pluteum,</span> <span class='ocrx_word' id='word_1_477' title='bbox 596 4160 673 4208; x_wconf 92' lang='lat' dir='ltr'>modo</span> <span class='ocrx_word' id='word_1_478' title='bbox 685 4161 717 4209; x_wconf 86' lang='lat' dir='ltr'>ad</span> <span class='ocrx_word' id='word_1_479' title='bbox 768 4159 830 4210; x_wconf 85' lang='lat' dir='ltr'>latet</span> <span class='ocrx_word' id='word_1_480' title='bbox 853 4160 923 4210; x_wconf 87' lang='lat' dir='ltr'>uleus</span> <span class='ocrx_word' id='word_1_481' title='bbox 942 4161 967 4209; x_wconf 93' lang='lat' dir='ltr'>in</span> <span class='ocrx_word' id='word_1_482' title='bbox 988 4178 1032 4211; x_wconf 91' lang='lat' dir='ltr'>ore</span> <span class='ocrx_word' id='word_1_483' title='bbox 1054 4163 1137 4220; x_wconf 91' lang='lat' dir='ltr'>Putre,</span> <span class='ocrx_word' id='word_1_484' title='bbox 1160 4161 1228 4224; x_wconf 89' lang='lat' dir='ltr'>quod</span> <span class='ocrx_word' id='word_1_485' title='bbox 1255 4162 1323 4212; x_wconf 88' lang='lat' dir='ltr'>haud</span> 
     </span>
     <span class='ocr_line' id='line_1_82' title="bbox 169 4225 1141 4293; baseline -0.001 -16"><span class='ocrx_word' id='word_1_486' title='bbox 169 4229 244 4293; x_wconf 91' lang='lat' dir='ltr'>pedes</span> <span class='ocrx_word' id='word_1_487' title='bbox 255 4227 333 4278; x_wconf 85' lang='lat' dir='ltr'>stare&#39;</span> <span class='ocrx_word' id='word_1_488' title='bbox 357 4230 431 4293; x_wconf 89' lang='lat' dir='ltr'>Prop.</span> <span class='ocrx_word' id='word_1_489' title='bbox 444 4244 467 4291; x_wconf 90' lang='lat'>4.</span> <span class='ocrx_word' id='word_1_490' title='bbox 480 4230 502 4278; x_wconf 92' lang='lat'>8.</span> <span class='ocrx_word' id='word_1_491' title='bbox 514 4227 545 4276; x_wconf 86' lang='lat'>68</span> <span class='ocrx_word' id='word_1_492' title='bbox 560 4226 717 4289; x_wconf 87' lang='lat' dir='ltr'>‘Lygdamus</span> <span class='ocrx_word' id='word_1_493' title='bbox 765 4225 851 4275; x_wconf 88' lang='lat' dir='ltr'>deceat</span> <span class='ocrx_word' id='word_1_494' title='bbox 862 4225 961 4290; x_wconf 89' lang='lat' dir='ltr'>plebeia</span> <span class='ocrx_word' id='word_1_495' title='bbox 971 4227 1058 4276; x_wconf 79' lang='lat' dir='ltr'>radere</span> <span class='ocrx_word' id='word_1_496' title='bbox 1069 4227 1141 4276; x_wconf 63' lang='lat' dir='ltr'>beta!</span> 
     </span>
    </p>
   </div>
   <div class='ocr_carea' id='block_1_21' title="bbox 168 4291 718 4358">
    <p class='ocr_par' dir='ltr' id='par_1_32' title="bbox 168 4291 718 4358">
     <span class='ocr_line' id='line_1_83' title="bbox 168 4291 718 4358; baseline -0.004 -16"><span class='ocrx_word' id='word_1_497' title='bbox 168 4295 201 4342; x_wconf 88' lang='lat' dir='ltr'>ad</span> <span class='ocrx_word' id='word_1_498' title='bbox 223 4294 301 4358; x_wconf 86' lang='lat' dir='ltr'>plutei</span> <span class='ocrx_word' id='word_1_499' title='bbox 319 4295 395 4344; x_wconf 81' lang='lat' dir='ltr'>fulera</span> <span class='ocrx_word' id='word_1_500' title='bbox 415 4295 512 4343; x_wconf 87' lang='lat' dir='ltr'>sinistra</span> <span class='ocrx_word' id='word_1_501' title='bbox 534 4291 628 4342; x_wconf 67' lang='lat' dir='ltr'>latens?</span> <span class='ocrx_word' id='word_1_502' title='bbox 662 4292 718 4341; x_wconf 92' lang='lat' dir='ltr'>The</span> 
     </span>
    </p>
   </div>
   <div class='ocr_carea' id='block_1_22' title="bbox 832 4291 1324 4353">
    <p class='ocr_par' dir='ltr' id='par_1_33' title="bbox 832 4291 1324 4353">
     <span class='ocr_line' id='line_1_84' title="bbox 832 4291 1324 4353; baseline 0.006 -14"><span class='ocrx_word' id='word_1_503' title='bbox 832 4293 967 4341; x_wconf 82' lang='lat' dir='ltr'>mordaci.</span> <span class='ocrx_word' id='word_1_504' title='bbox 1002 4305 1025 4353; x_wconf 81' lang='lat'>5.</span> <span class='ocrx_word' id='word_1_505' title='bbox 1044 4291 1076 4340; x_wconf 87' lang='lat'>86</span> <span class='ocrx_word' id='word_1_506' title='bbox 1095 4295 1194 4342; x_wconf 82' lang='lat' dir='ltr'>‘aurem</span> <span class='ocrx_word' id='word_1_507' title='bbox 1212 4293 1324 4344; x_wconf 79' lang='lat' dir='ltr'>mordaci</span> 
     </span>
    </p>
   </div>
   <div class='ocr_carea' id='block_1_23' title="bbox 169 4355 1323 4420">
    <p class='ocr_par' dir='ltr' id='par_1_34' title="bbox 169 4355 1323 4420">
     <span class='ocr_line' id='line_1_85' title="bbox 169 4355 1323 4420; baseline 0 -11"><span class='ocrx_word' id='word_1_508' title='bbox 169 4375 226 4409; x_wconf 88' lang='lat' dir='ltr'>man</span> <span class='ocrx_word' id='word_1_509' title='bbox 244 4359 289 4410; x_wconf 89' lang='lat' dir='ltr'>lies</span> <span class='ocrx_word' id='word_1_510' title='bbox 306 4375 340 4410; x_wconf 90' lang='lat' dir='ltr'>on</span> <span class='ocrx_word' id='word_1_511' title='bbox 356 4359 395 4409; x_wconf 88' lang='lat' dir='ltr'>his</span> <span class='ocrx_word' id='word_1_512' title='bbox 411 4360 490 4410; x_wconf 85' lang='lat' dir='ltr'>oouch</span> <span class='ocrx_word' id='word_1_513' title='bbox 507 4359 570 4410; x_wconf 87' lang='lat' dir='ltr'>aiter</span> <span class='ocrx_word' id='word_1_514' title='bbox 585 4358 625 4409; x_wconf 93' lang='lat' dir='ltr'>his</span> <span class='ocrx_word' id='word_1_515' title='bbox 641 4357 717 4420; x_wconf 91' lang='lat' dir='ltr'>meal,</span> <span class='ocrx_word' id='word_1_516' title='bbox 766 4355 834 4407; x_wconf 91' lang='lat' dir='ltr'>lotus</span> <span class='ocrx_word' id='word_1_517' title='bbox 862 4355 952 4408; x_wconf 70' lang='lat' dir='ltr'>aceto!</span> <span class='ocrx_word' id='word_1_518' title='bbox 986 4359 994 4384; x_wconf 84' lang='lat'><strong><em>⁴</em></strong></span> <span class='ocrx_word' id='word_1_519' title='bbox 1001 4357 1110 4406; x_wconf 83' lang='lat' dir='ltr'>Mordax</span> <span class='ocrx_word' id='word_1_520' title='bbox 1136 4358 1239 4418; x_wconf 86' lang='lat' dir='ltr'>vemm,’</span> <span class='ocrx_word' id='word_1_521' title='bbox 1272 4358 1323 4410; x_wconf 88' lang='lat' dir='ltr'>like</span> 
     </span>
    </p>
   </div>
   <div class='ocr_carea' id='block_1_24' title="bbox 0 0 1452 4846">
    <p class='ocr_par' dir='ltr' id='par_1_35' title="bbox 0 0 1452 4846">
     <span class='ocr_line' id='line_1_86' title="bbox 0 0 1452 4846; baseline 0 0"><span class='ocrx_word' id='word_1_522' title='bbox 0 0 1452 4846; x_wconf 95' lang='lat' dir='ltr'> </span> 
     </span>
    </p>
   </div>
  </div>
 </body>
</html>
